3240 5222
248 475 343 540 rrabtr
375 470 509 538 indulsit
545 478 578 534 et
599 468 751 534 benivola
773 453 872 534 valde
901 487 941 534 se
961 469 1003 532 ad
1029 485 1090 532 uos
1111 467 1239 548 babuit,
1273 468 1427 549 quamvis

110 569 114 577 ⁴
247 577 399 642 ethnicus
417 583 518 638 esset.
561 574 625 636 His
646 576 756 658 itaque
776 576 881 657 gestia
909 575 943 638 iu
966 580 1108 634 uestram
1130 572 1251 634 onnam
1280 573 1426 654 regressi

121 705 129 720 ·
248 698 362 747 snmus
383 697 456 744 orum
482 677 752 742 'l'rutcbeluranuo
774 686 929 760 rogantes
950 693 1036 760 eum,
1058 695 1123 740 uon
1145 677 1200 740 diu
1218 677 1342 740 sineret
1364 693 1426 740 nos

248 789 282 850 lu
302 783 521 850 ista1civitate
542 799 693 863 manere,
715 779 803 864 quod
825 780 985 844 laetorum
1006 797 1045 844 se
1064 780 1219 864 promitit.

641 1010 865 1086 Graecorum
889 1007 1035 1085 mulitia

303 1219 307 1228 ·
333 1193 398 1256 Die
417 1193 582 1256 tricesima
600 1191 716 1274 prima,
735 1209 819 1275 quae
840 1197 892 1256 est
912 1189 1024 1254 ultima
1036 1187 1178 1272 Augusti
1205 1199 1238 1253 et
1250 1190 1421 1254 Domiuiea

250 1298 341 1362 x1v.
364 1305 441 1379 post
463 1298 583 1359 lmtum
603 1293 823 1376 suriuitetis,
845 1311 917 1358 oum
930 1293 981 1358 sol
1002 1302 1196 1356 ortusesset
1220 1303 1253 1356 et
1270 1293 1421 1360 Officium

248 1411 393 1468 nostrum
432 1399 619 1462 matutinale
649 1398 861 1480 dixissemus,
899 1397 1164 1479 deliberavimus,
1192 1399 1225 1459 in
1257 1417 1322 1482 quo
1350 1399 1422 1464 loco

249 1507 388 1570 Missam
410 1501 632 1567 dominicalem
655 1500 763 1566 dicere
796 1501 849 1564 vel
875 1499 989 1564 audire
1009 1519 1188 1585 possemne.
1233 1502 1310 1566 Non
1332 1504 1419 1566 euim

248 1611 282 1674 itt
299 1616 367 1672 lota
386 1607 467 1668 urbe
488 1613 557 1668 erat
579 1604 687 1687 aliqua
713 1603 854 1668 eeclesia
876 1603 994 1688 latina,
1024 1605 1084 1668 sed
1113 1595 1235 1669 tautum
1270 1626 1337 1671 una
1358 1625 1419 1672 oc·

247 1712 350 1779 alesia
368 1727 506 1794 graeca,
526 1727 612 1792 quae
641 1726 743 1792 prope
763 1725 824 1772 uos
844 1716 922 1771 erat.
965 1709 1163 1793 Accepimus
1185 1729 1263 1792 ergo
1286 1711 1420 1775 calicem

247 1825 402 1896 nostrum,
424 1812 539 1876 librum
555 1819 712 1896 nostrum,
729 1811 917 1876 indumenta
929 1812 1145 1876 sacerdotalia
1161 1822 1194 1874 et
1204 1813 1317 1877 altaris
1331 1835 1422 1899 ope-

247 1920 394 2001 rimenta,
405 1936 489 2001 quae
503 1919 611 1982 omnia
626 1917 795 1982 uobiscum
816 1917 994 1981 tuleramus
1012 1917 1052 1980 da
1063 1917 1256 2001 Jerusalem,
1271 1927 1304 1981 et
1322 1921 1421 1984 simul

247 2041 321 2088 cum
342 2024 416 2088 istis
437 2023 631 2106 paramentis
654 2022 695 2085 ad
722 2022 892 2086 ecclesiam
914 2019 1113 2086 Graecorum
1148 2024 1357 2086 transivimus
1386 2026 1422 2088 iu

248 2147 291 2196 oa
312 2130 451 2192 nissam
482 2126 686 2209 celebraturi,
708 2136 743 2191 et
764 2128 930 2192 accersitis
962 2125 1123 2187 ecclesiae
1143 2123 1231 2188 illius
1262 2127 1420 2191 sacerdo-

247 2234 337 2298 tibus
363 2234 548 2314 rogavimus
562 2233 734 2315 humiliter,
757 2242 792 2298 ut
813 2251 873 2296 nos
887 2231 1134 2295 intromitterent
1154 2237 1187 2291 et
1203 2229 1304 2294 altare
1324 2233 1420 2298 nobis

245 2335 463 2418 ostenderent,
482 2337 516 2398 iu
536 2336 780 2419 quoreelebrare
796 2335 907 2400 divina
920 2351 1102 2417 possemus.
1125 2331 1193 2397 Sed
1207 2352 1286 2398 ecce
1299 2333 1420 2402 Graeci

247 2441 303 2502 isli
323 2441 505 2502 inveterato
526 2439 618 2522 odio,
650 2439 737 2522 quod
771 2458 901 2521 semper
932 2438 975 2501 ad
1007 2437 1169 2500 ecclesiae
1193 2438 1313 2502 latinae
1334 2440 1419 2502 lilios

246 2543 437 2623 habueruut,
460 2540 502 2603 de
523 2560 609 2604 novo
631 2543 760 2626 infecti,
793 2543 1037 2626 denegaverunt
1060 2543 1153 2604 nobis
1173 2544 1336 2606 introitum
1360 2563 1419 2608 ee-

247 2645 367 2708 clesiae
388 2663 468 2707 snae
488 2652 521 2706 et
542 2643 623 2708 adeo
636 2646 875 2729 vilipendernnt
890 2664 1006 2729 preces
1025 2654 1166 2727 nostras,
1190 2665 1229 2710 ac
1248 2649 1279 2710 si
1299 2647 1418 2713 Judaei

247 2750 436 2832 fuissemus,
459 2748 623 2832 dicentes,
644 2751 731 2834 qnod
752 2751 924 2814 ecelesiam
946 2767 1040 2814 snam
1059 2749 1180 2814 nollent
1199 2753 1363 2833 profanari
1385 2765 1418 2819 et

245 2855 390 2918 execrari
412 2853 682 2919 celebrationibus
705 2856 835 2936 nostris,
849 2863 883 2916 et
903 2871 977 2918 cum
1003 2853 1222 2936 indignatione
1244 2867 1277 2920 et
1300 2857 1419 2940 injuria

245 2969 400 3043 suscepta
419 2961 501 3024 salis
523 2961 685 3043 patientes
711 2968 746 3024 et
767 2959 930 3043 tranquilli
951 2967 1044 3021 eraut
1066 2977 1179 3021 omrres
1199 2964 1362 3044 peregrini
1383 2974 1419 3026 et

245 3063 290 3125 ita
324 3062 558 3147 quodammodo
601 3064 729 3128 confusi
757 3063 800 3128 ad
831 3065 952 3128 curiam
981 3072 1126 3126 nostram
1148 3067 1271 3128 reversi
1293 3085 1416 3132 sumus.

245 3164 426 3247 Perspecto
459 3175 568 3230 autem
595 3169 726 3250 negotio
746 3167 834 3230 illam
864 3165 1062 3232 Graecorum
1089 3166 1250 3249 repulsam
1280 3168 1412 3234 divinae

246 3270 359 3350 pletati
391 3269 643 3352 adscripsimus,
679 3288 764 3353 quae
794 3289 858 3334 nou
890 3289 989 3354 passa
1018 3280 1069 3334 est
1101 3290 1163 3335 nos
1194 3272 1358 3337 celebrare
1379 3277 1414 3338 iu

246 3373 387 3440 ecclesia
408 3374 616 3438 schismatica
636 3381 671 3436 et
690 3375 871 3457 haeretica,
894 3394 936 3441 ue
957 3378 1006 3436 eis
1027 3377 1060 3438 in
1082 3379 1293 3440 sacramentis
1316 3381 1417 3459 purti-

245 3477 353 3558 cipare
385 3486 498 3540 eontra
528 3477 688 3542 ecelesiae
720 3478 900 3552 catholicae
926 3478 1002 3561 jura
1034 3479 1234 3563 videremur,
1267 3490 1304 3545 ut
1325 3492 1417 3565 patet

244 3579 367 3646 xxix.
393 3581 424 3644 9.
451 3582 486 3650 2.
517 3580 679 3651 Schisma.
721 3581 888 3666 Siquidem
910 3593 971 3648 ete.
1017 3585 1184 3650 Haeretici
1215 3586 1299 3648 enim
1327 3597 1414 3670 sunt,

244 3687 319 3768 qnia
340 3687 493 3750 obstinati
521 3687 729 3752 schismatici.
758 3686 917 3765 *Quorum
948 3687 1093 3754 doctriua
1122 3690 1221 3754 Parte
1241 3692 1282 3753 ll.
1305 3691 1412 3754 Tract.

243 3789 376 3872 &Cap
420 3789 488 3855 Sed
508 3793 667 3876 posterior
688 3795 721 3856 iu
740 3791 830 3858 Sum.
874 3793 994 3859 Antou.

326 3897 391 3972 (le)
412 3896 519 3978 spreti
539 3915 618 3979 ergo
644 3899 694 3962 sio
715 3917 734 3961 a
757 3897 896 3964 Graecis
920 3902 1020 3964 alium
1041 3899 1298 3981 excogitavimus
1324 3899 1415 3964 cele-

241 3998 356 4062 brandi
377 3997 488 4064 divina
509 4002 648 4084 modum,
670 4011 707 4065 ut
724 4001 894 4069 dominicis
907 4002 1020 4068 debus
1042 4005 1160 4085 privati
1173 4023 1237 4070 nou
1255 4023 1413 4070 essemus.

239 4101 278 4165 lu
299 4103 453 4187 angulum
475 4105 561 4170 enim
582 4107 693 4170 euriae
721 4107 882 4172 cumulum
914 4107 1055 4190 lapidum
1085 4109 1302 4192 lmpolilorum
1322 4129 1415 4174 oom-

240 4210 439 4292 portavimus
471 4217 506 4274 et
535 4209 637 4273 altare
675 4211 749 4276 siue
792 4219 959 4278 caemento
1003 4214 1166 4278 ereximus
1200 4223 1233 4278 et
1265 4214 1415 4298 portatile

240 4315 470 4399 supposuimus
514 4315 694 4400 palliaque·
712 4318 952 4400 cooperuimus,
1003 4335 1061 4399 per
1098 4319 1267 4386 obeditum
1306 4329 1414 4384 autem
