3132 5206
806 299 849 364 ii)

214 473 217 481 '
250 499 322 544 eum
343 479 426 563 aliis,
447 477 549 543 noluit
569 483 773 544 transnatare
791 482 865 548 aliis
886 481 1173 563 transmutantibus,
1196 483 1286 545 exult
1306 487 1426 543 tamen

249 603 288 648 ae
309 585 456 650 vestibus
478 592 510 646 ot
530 599 646 668 quum
668 587 809 669 intravit,
830 595 867 648 ut
888 603 927 648 se
947 586 1154 670 refrigeraret
1176 595 1208 648 et
1228 587 1365 667 lavaret,
1390 593 1429 648 et

247 691 417 773 ingressus
438 692 497 754 vix
517 707 623 776 usque
644 688 685 753 ad
707 690 892 753 umbilieum
915 691 1017 773 mergi
1038 693 1156 775 eoepit,
1178 699 1211 753 et
1231 689 1428 753 subtraetus

248 794 282 856 in
303 811 421 877 aquam
442 812 602 878 nusquam
623 797 811 878 comparuit.
854 795 992 877 Insuper
1022 797 1055 857 in
1085 795 1142 858 illa
1169 813 1242 858 meu
1273 793 1429 858 seeundo

247 898 528 983 peregrinatione,
555 918 652 984 quam
684 917 772 964 nuno
803 897 961 981 deseribe,
995 908 1280 962 transnataveruut
1314 898 1427 979 multi,

248 1018 310 1066 noe
330 1013 526 1066 duraverunt
547 1005 792 1088 prohibitionem
815 1001 1076 1086 Sarraeeuorum
1102 1004 1157 1086 qui
1179 1003 1356 1085 prohibent,
1383 1011 1417 1064 et

246 1107 425 1192 perieulum
447 1107 576 1192 aliquod
599 1109 741 1172 iirtnrum
762 1107 952 1190 praedicunt
979 1117 1011 1170 et
1039 1114 1280 1171 transnatantes
1308 1106 1420 1170 inula*

250 1219 349 1274 mant.
400 1213 490 1274 luter
512 1211 587 1275 illos
616 1212 680 1275 luit
709 1230 793 1276 unus
814 1205 989 1294 sacerdos,
1012 1213 1066 1296 qui
1089 1213 1206 1293 etiam,
1235 1213 1321 1274 siout
1354 1227 1427 1293 ego

251 1315 404 1399 ieeeram,
426 1319 654 1400 transnatavit,
678 1319 789 1401 quiin
811 1317 874 1380 alia
895 1324 988 1398 partu
1009 1317 1173 1380 exsistens
1194 1334 1308 1378 omues
1327 1317 1427 1403 vires

251 1422 397 1503 eorporis
417 1420 525 1483 amisit
551 1427 586 1484 et
617 1439 820 1505 nequaqnam
842 1420 979 1502 amplius
1001 1430 1113 1484 natare
1133 1427 1189 1482 aut
1220 1421 1328 1502 potuit
1359 1428 1427 1484 ant

251 1525 365 1605 seivit,
396 1533 430 1587 et
458 1525 565 1588 stabat
596 1533 758 1609 tremens,
791 1544 887 1610 quem
909 1542 982 1588 oum
1005 1527 1131 1609 magnis
1152 1524 1426 1609 laboribussooii

251 1626 447 1691 redimerunt
466 1630 528 1713 sui,
551 1629 710 1694 infirmnm
732 1640 765 1695 et
786 1631 940 1709 fractum,
962 1644 1035 1689 oum
1058 1636 1165 1688 tamen
1194 1637 1271 1690 aute
1300 1628 1427 1692 inisset

251 1733 513 1817 robustissimus,
549 1743 582 1797 et
612 1735 692 1798 mihi
724 1736 932 1819 singulariter
968 1732 1143 1795 familiaris
1198 1730 1307 1814 Saepe
1342 1751 1424 1797 enm

250 1838 459 1920 interrogavi,
481 1837 559 1922 quid
579 1839 641 1902 sibi
661 1835 842 1904 aoelderit‘i
866 1837 931 1917 Qui
953 1837 1048 1920 dixit,
1070 1854 1108 1900 so
1128 1837 1236 1900 subito
1257 1838 1425 1920 privatum

200 2002 205 2011 .
250 1942 385 2014 viribus.
429 1944 637 2026 interrogavi·
666 1947 874 2028 peregrinos,
914 1944 969 2026 qui
1000 1950 1078 2005 ante
1110 1961 1161 2005 me
1192 1949 1227 2004 ot
1258 1951 1334 2024 post
1366 1962 1425 2006 mo

146 2038 158 2059 “
251 2047 338 2112 oiroa
357 2045 534 2111 Jordauem
550 2048 688 2132 fueraut,
709 2053 744 2109 et
757 2061 886 2127 semper
903 2046 1027 2130 inveni,
1050 2045 1138 2130 quod
1158 2045 1266 2128 aliqua
1278 2048 1423 2111 turbatio

184 2216 193 2233 ‚
251 2151 370 2217 aooidit
389 2152 494 2215 aliem.
1012 2208 1014 2214 ,

331 2256 384 2320 lix
401 2257 469 2340 jam
502 2257 599 2323 dietis
631 2257 736 2340 surgit
768 2257 933 2340 quaestio,
970 2255 1056 2320 unde
1076 2255 1139 2319 hoo
1165 2253 1298 2337 aeeidit,
1330 2254 1422 2338 quod

251 2362 437 2445 irequenter
457 2361 634 2443 perieulum
662 2369 696 2424 et
717 2363 854 2426 turbatio
875 2362 908 2423 in
929 2360 985 2424 illa
1013 2361 1217 2424 balneatioue
1247 2361 1420 2442 eontingit,

251 2483 325 2532 enm
351 2475 460 2528 tamen
486 2467 605 2530 tluvius
626 2469 755 2529 nonsit
777 2465 873 2548 latus,
887 2483 949 2528 neo
970 2464 1115 2548 rapidum
1136 2481 1266 2528 oursnm
1288 2464 1421 2548 lrabeat,

250 2570 312 2633 sed
343 2569 425 2633 setis
458 2565 606 2638 leutum‘i
640 2569 696 2631 Ad
716 2570 779 2632 hoo
811 2571 948 2651 primum
976 2569 1107 2652 dieunt,
1138 2566 1225 2653 quod
1256 2567 1442 2654 quaedam·

166 2697 176 2716 ⁴
251 2672 381 2737 belluae
412 2672 590 2736 insidiosae
618 2674 651 2736 in
679 2672 735 2736 illa
764 2690 851 2756 aqua
881 2673 1027 2756 latitant,
1060 2691 1161 2756 quae,
1191 2671 1266 2735 dum
1296 2681 1420 2738 motum

251 2779 395 2844 mutium
423 2779 579 2860 usmetis,
613 2777 795 2842 ascendunt
838 2787 872 2841 et
906 2785 1069 2841 natantem
1101 2783 1260 2840 conantur
1292 2795 1417 2858 rapere.

251 2882 318 2956 Alii
340 2881 460 2964 dieunt,
482 2882 569 2967 quod
591 2883 666 2967 quia
687 2880 779 2946 loeus
801 2883 857 2945 ille
877 2892 928 2945 est
950 2901 1051 2966 prope
1075 2881 1232 2962 iauoibus,
1254 2901 1313 2964 per
1333 2901 1419 2966 quas

250 2985 414 3066 Iordanes
446 2987 480 3050 in
512 3006 600 3053 mare
629 2997 786 3051 momuum
818 2987 975 3068 illabitur,
1007 2985 1080 3050 ideo
1110 2985 1147 3048 tlt
1177 2987 1224 3049 ibi
1256 2987 1417 3069 quaedam

251 3091 436 3156 oommixtio
458 3108 612 3173 equarum
635 3091 676 3153 de
697 3092 776 3154 mari
798 3099 939 3174 mortuo,
961 3099 994 3154 ot
1015 3097 1147 3174 propter
1170 3091 1321 3156 malitiam
1342 3093 1419 3155 illa-

251 3211 322 3259 rum
344 3211 499 3277 aquarum
522 3191 726 3257 debilitentur
747 3197 837 3258 vires
864 3196 1154 3279 transnatantium,
1196 3195 1263 3259 Alii
1296 3195 1418 3280 dieum,

251 3297 393 3382 quadiu
414 3295 496 3360 mari
515 3305 639 3360 mortuo
660 3298 740 3362 nihil
762 3298 861 3382 vivit,
895 3300 957 3363 uisi
977 3300 1136 3385 quaedam
1168 3300 1364 3364 inhumanae
1384 3311 1419 3366 et

252 3401 430 3469 inieurales
450 3403 593 3485 bestiae,
615 3420 700 3486 quae
720 3401 902 3468 asoeuduut
922 3403 965 3468 de
985 3406 1065 3469 mari
1096 3421 1223 3469 sursum
1246 3403 1288 3468 ad
1309 3406 1418 3468 homi-

250 3525 328 3571 num
355 3525 479 3572 nomm.
523 3505 590 3575 atti
621 3505 746 3591 dieunt,
773 3509 861 3593 quod
888 3509 1065 3593 perieulum
1096 3510 1255 3592 eontingit
1276 3529 1319 3574 ox
1341 3509 1417 3574 forti

248 3612 494 3695 imaginatione,
529 3609 665 3675 audiunt
695 3615 782 3677 euim
810 3615 972 3698 peregrini
993 3613 1035 3677 de
1061 3614 1136 3679 istis
1157 3613 1311 3699 perieulis
1332 3613 1417 3698 (B),

250 3725 285 3780 et
303 3717 441 3801 quilibet
463 3717 556 3780 timet
577 3725 610 3780 et
628 3726 742 3802 osvet,
763 3737 806 3782 ue
827 3720 891 3783 sibi
912 3719 1034 3804 aliquid
1054 3721 1232 3804 eontingat,
1252 3728 1286 3782 et
1306 3721 1340 3783 in
1359 3719 1417 3782 illo

250 3819 364 3886 timore
385 3838 499 3885 omues
529 3829 751 3906 transnatant,
781 3841 915 3907 quorum
937 3823 1068 3908 quidam
1090 3843 1132 3888 ex
1153 3824 1228 3888 iorti
1255 3825 1417 3908 imagina-
1487 3818 1496 3840 ‘

250 3925 339 3990 tione
371 3934 485 4009 putant
510 3942 549 3990 se
571 3928 679 4010 tangi,
707 3927 762 3991 vol
783 3930 899 3991 subtus
920 3928 1013 3992 trahi.
1058 3925 1189 3991 (laeteri
1224 3928 1352 4011 dieunt,
1383 3937 1417 3992 et

248 4026 334 4096 forte
351 4030 590 4114 rationabilius,
611 4031 717 4115 quod,
750 4032 825 4114 quia
855 4031 1067 4096 transnatatio
1088 4039 1140 4095 est
1160 4034 1289 4117 siguum
1319 4042 1417 4118 petu-

136 4144 139 4153 ’
251 4135 372 4204 lantiae
392 4143 427 4198 et
446 4133 687 4218 dissolutionis,
720 4153 805 4219 quae
826 4154 892 4200 non
912 4136 1046 4219 expedit
1065 4138 1100 4200 iu
1120 4145 1187 4202 tam
1208 4147 1323 4204 saneto
1344 4139 1416 4204 loeo

250 4239 336 4322 fleri,
362 4240 436 4305 ideo
457 4240 611 4324 permittit
628 4239 720 4304 Deus
740 4241 977 4305 tribulationem
999 4241 1096 4306 alioui
1117 4243 1260 4327 evandre,
1281 4253 1317 4308 ut
1338 4260 1418 4320 eae·

250 4347 312 4433 sept
331 4346 459 4428 nodosi,
479 4346 594 4416 maturi
623 4353 655 4408 et
677 4346 816 4413 timorati
848 4347 937 4411 liant.
970 4347 1079 4414 Meris
1101 4349 1187 4412 enim
1208 4334 1266 4418 illo
1287 4356 1417 4434 propter
