3202 5218
841 319 906 386 ddd

287 510 414 577 motus
433 503 592 590 lapiddtus
605 501 647 566 de
667 507 810 566 torrente
826 498 953 563 fortiter
974 495 1094 562 collisit
1114 497 1309 564 adinvicem
1334 497 1465 582 ’ςιιοιιι-

286 633 351 699 qne
385 626 568 697 provocans
602 609 679 690 igne
717 602 868 685 incendit,
897 609 933 690 et
964 602 1111 666 collectis
1145 603 1319 667 sarmentis
1354 605 1493 685 ignom

288 735 439 800 magnum
463 714 601 777 fecimus
630 717 665 772 ot
684 709 931 773 circumstantes
952 707 1097 769 membra
1118 707 1268 771 fovimus.
1300 703 1465 789 Cogitavit

289 819 377 905 quod
399 819 508 882 Arabs
528 815 585 879 ille
605 825 705 878 artem
728 813 815 877 illam
837 809 995 873 educendi
1016 811 1123 894 iguem
1147 808 1190 873 de
1213 810 1357 873 silicibus
1379 807 1466 872 didi·

288 925 369 992 oem't
397 941 418 986 a
444 920 647 1000 Prometheo,
677 917 743 981 lllio
771 915 909 997 [lapathi
938 930 980 975 es
1002 913 1084 976 Asia
1111 923 1145 977 et
1179 915 1321 998 nympha
1352 923 1464 995 matre,

290 1031 345 1114 qul
366 1045 450 1091 aevo
466 1041 544 1106 suo,
564 1031 602 1086 ut
623 1031 738 1106 poetae
772 1019 932 1101 referunt,
953 1024 1025 1081 erat
1048 1020 1100 1082 vir
1130 1019 1400 1102 prudentissimus
1428 1026 1465 1080 et

287 1141 417 1218 praeter
435 1131 517 1211 boc,
545 1127 632 1213 qnod
665 1125 707 1190 de
728 1125 796 1189 luto
817 1124 1005 1208 figmentum
1028 1123 1166 1186 hominis
1189 1123 1359 1186 formatum
1383 1123 1464 1205 igne

289 1238 331 1302 de
351 1235 442 1300 coelo
465 1233 570 1296 furato
592 1233 757 1312 animavit,
775 1232 898 1314 primus
919 1227 961 1292 de
981 1226 1128 1290 silicibus
1150 1228 1259 1310 ignum
1280 1243 1466 1310 provocan-

289 1341 363 1405 dum
387 1355 464 1402 esse
485 1335 602 1400 docuit.
644 1334 730 1398 Nam
752 1343 821 1397 tum
844 1334 1025 1416 ignoratum
1055 1332 1125 1413 fnit,
1153 1332 1260 1414 ignem
1283 1331 1384 1394 latere
1398 1331 1464 1411 sub

292 1443 420 1528 frigidis
441 1440 596 1506 silicibus.
626 1439 726 1502 Porro
752 1437 860 1500 anco
882 1437 998 1500 dicitur
1014 1437 1136 1518 primns
1150 1437 1259 1517 ignem
1279 1435 1464 1518 invenisse,

294 1567 370 1614 cnm
400 1545 483 1609 enim
507 1542 641 1608 fulmine
661 1543 756 1604 arbor
776 1540 933 1624 quaedam
952 1541 1091 1603 incensa
1112 1540 1238 1622 fnisset,
1260 1557 1303 1602 ex
1324 1559 1363 1602 eo
1382 1539 1465 1602 aliae

221 1715 224 1720 .
261 1655 265 1665 '
290 1654 426 1716 arbores
447 1665 637 1729 succensae,
660 1647 768 1709 omnia
788 1644 986 1728 cortdagrata
1011 1652 1088 1706 snnt
1107 1645 1203 1726 ligna.
1229 1641 1336 1708 Vulco
1357 1653 1464 1705 antam

291 1757 401 1821 calore
421 1753 602 1817 delectatus
628 1749 800 1814 deficiente
824 1751 901 1833 igue
922 1749 1087 1811 materiam
1109 1746 1243 1831 adjecit,
1265 1763 1466 1811 conservans

290 1863 417 1945 igneam
440 1875 533 1942 quem
557 1855 740 1920 bominibus
768 1852 945 1958 ostendeus
965 1862 1127 1935 tamqnam
1155 1869 1234 1914 ase
1250 1862 1408 1936 repertum
1431 1853 1467 1914 ln

289 1973 391 2030 totum
413 1982 471 2047 per
491 1964 554 2027 lroc
574 1957 760 2044 promeruit,
784 1967 820 2020 nt
842 1975 900 2020 rex
920 1956 1066 2040 Aegypti
1087 1958 1281 2020 constitutus
1300 1959 1352 2020 sit.

301 2113 304 2118 -
371 2066 456 2132 Cum
483 2084 561 2150 ergo
587 2063 754 2130 refocillati
782 2061 890 2126 calore
922 2077 1090 2144 essemus,
1118 2063 1249 2126 titiones
1278 2063 1464 2145 accepimns

288 2173 410 2260 ignitos
428 2181 461 2235 et
483 2173 701 2256 processimus
723 2183 852 2232 sursum
885 2165 919 2227 in
947 2164 1004 2228 illa
1025 2166 1209 2250 crepidine,
1228 2169 1262 2230 in
1284 2185 1349 2250 qna
1378 2185 1465 2230 non-

289 2295 461 2360 numquam
485 2285 576 2339 erant
597 2275 701 2338 saltus
729 2283 762 2336 et
784 2279 944 2355 petrarum
962 2271 1119 2352 parietes,
1143 2290 1202 2354 per
1229 2289 1312 2355 quos
1334 2271 1462 2333 Arabes

290 2381 394 2464 primo
412 2379 612 2442 scandebant
633 2386 666 2439 ct
687 2376 763 2439 inde
781 2393 912 2438 sursum
934 2392 1032 2440 unum
1053 2377 1255 2458 peregrinum
1272 2383 1346 2459 post
1366 2375 1463 2440 alium

294 2483 473 2546 trahebant.
526 2481 678 2564 Cogitavi
710 2481 904 2565 aliquotiens
938 2478 993 2543 illo
1035 2497 1146 2563 mane,
1181 2498 1275 2564 qnam
1312 2479 1467 2544 mirabilis

292 2585 399 2668 Deus3
417 2586 487 2649 beri
507 2603 587 2670 prae
608 2586 768 2650 caloribus
789 2587 848 2646 vix
869 2591 1055 2666 poteramus
1073 2585 1198 2666 spimre
1217 2595 1250 2646 et
1271 2583 1367 2649 bodie
1386 2603 1467 2668 prae

292 2691 466 2774 frigoribus
485 2691 544 2755 vix
564 2701 748 2774 poteramus
769 2691 889 2755 vivore.
935 2687 1063 2767 Quanto
1084 2689 1168 2750 enim
1191 2687 1288 2752 altius
1310 2687 1464 2753 ascendi-

294 2813 384 2878 mns,
416 2803 507 2858 tanto
539 2797 704 2858 intensius
739 2794 844 2875 frigus
875 2787 1047 2856 sensimus.
1105 2796 1234 2857 interea
1268 2793 1310 2857 ad
1341 2795 1464 2857 fontem

293 2897 453 2984 quendam
467 2901 627 2983 venimus,
637 2899 732 2982 juxta
743 2915 837 2982 quem
851 2898 964 2960 iterum
979 2898 1088 2981 ignem
1103 2898 1319 2982 accendimus,
1332 2896 1410 2976 (48
1417 2900 1464 2981 ιι)

293 3013 328 3068 et
348 3006 410 3069 ium
433 3002 475 3067 de
496 3006 583 3088 ignis
604 3005 713 3068 calore
734 3003 942 3084 laetabamur,
956 3005 1039 3066 sicut
1060 3004 1129 3066 heri
1151 3004 1196 3067 ibi
1217 3003 1259 3066 de
1279 3021 1383 3088 aquae
1404 3002 1466 3065 fri-

291 3125 374 3192 gore
402 3109 636 3171 recreabamnr.
680 3105 861 3171 Calefactis
889 3108 984 3171 nobis
1011 3109 1125 3170 itemm
1156 3111 1376 3192 processimus
1407 3123 1466 3189 per

293 3210 426 3274 arduum
442 3211 560 3274 saltum
582 3208 810 3274 adscendendo
825 3210 866 3274 ad
887 3211 1018 3294 longum
1040 3214 1190 3296 spatium.
1219 3216 1256 3276 ln
1279 3214 1343 3277 alto
1357 3221 1464 3276 autem

291 3317 443 3379 venimus
464 3315 505 3378 ad
533 3316 628 3378 unius
657 3331 796 3396 magnae
825 3316 915 3397 rupis
949 3317 1102 3397 parietem
1134 3326 1168 3379 et
1196 3318 1237 3381 de
1267 3316 1465 3381 sublimitate

292 3419 380 3484 illius
401 3419 533 3500 parietis
555 3415 738 3480 destillabat
768 3434 854 3500 aqna
878 3417 966 3482 clara
987 3429 1020 3481 et
1040 3420 1139 3503 bona,
1161 3421 1255 3486 nobis
1282 3431 1390 3490 tamen
1412 3420 1465 3483 fa-

293 3522 445 3604 stidiosa,
477 3522 553 3606 quia
583 3519 690 3584 adbuc
721 3539 816 3584 mane
847 3530 916 3584 erat
953 3531 987 3586 et
1019 3523 1139 3606 frigore
1169 3544 1233 3588 uon
1262 3524 1466 3590 mediocriter

293 3625 521 3690 laboravimus.
577 3624 771 3688 Destillabat
809 3634 916 3690 autem
955 3645 1040 3711 aqna
1070 3629 1127 3691 illa
1164 3630 1197 3691 in
1227 3632 1464 3696 concavitatem

295 3729 457 3814 quandam
488 3730 577 3813 rupis
610 3738 643 3792 ot
665 3730 759 3813 qnasi
791 3729 951 3814 quandam
982 3733 1140 3815 piscinam
1172 3734 1322 3798 faciebat.
1362 3734 1466 3796 Juxta

291 3831 379 3897 illam
423 3835 579 3917 piscinam
621 3836 737 3897 iterum
777 3835 885 3916 ignem
926 3837 1133 3902 accendimus
1173 3848 1207 3900 et
1252 3857 1313 3903 nos
1356 3837 1465 3901 calore

292 3935 482 4022 telesinus,
513 3947 637 4002 tantum
670 3941 754 4000 enim
787 3938 889 4020 frigus
922 3939 998 4022 llrit,
1029 3950 1075 4025 ut,
1108 3944 1138 4006 si
1167 3943 1276 4025 ignem
1308 3960 1372 4004 non
1402 3941 1466 4004 ba*-

292 4041 495 4126 bnlssemus,
524 4041 758 4106 defecissemus
790 4061 867 4126 prae
896 4041 1017 4126 algore.
1068 4048 1105 4108 ln
1137 4047 1278 4110 ulteriori
1308 4046 1465 4129 processu

290 4147 439 4212 venimus
470 4145 634 4210 adscendo
666 4145 707 4208 de
740 4146 820 4210 locis
847 4149 988 4229 petrosis
1020 4151 1053 4213 iu
1086 4153 1226 4231 clivom,
1256 4150 1465 4233 praecipitem

290 4248 419 4333 quidem
449 4250 508 4314 sed
538 4250 685 4333 planum,
713 4249 745 4314 id
779 4259 849 4332 est,
877 4250 949 4314 sine
981 4255 1114 4337 rupibus
1146 4267 1179 4320 et
1209 4257 1282 4320 siue
1312 4253 1464 4334 arbustis,

289 4363 323 4417 et
338 4363 423 4434 ¹erat
454 4353 510 4418 ille
538 4355 646 4420 eltvns
674 4355 899 4438 graminosus,
920 4359 1015 4440 quasi
1042 4367 1179 4444 pratum.
1221 4359 1326 4424 Nobis
1358 4359 1465 4441 itaque
