3202 5218
881 227 946 292 5OE

327 413 413 500 quod
434 423 546 497 posset
568 411 642 477 duoi
663 413 782 476 ohorea
803 419 877 495 poet
897 427 1012 472 sonum
1032 405 1142 486 ilium3
1166 411 1248 467 snut
1269 404 1355 466 enim
1372 404 1497 486 oyruhali

328 522 413 583 hene
434 526 591 582 senentes
613 525 647 580 ot
667 515 808 600 eymbaii
828 513 1041 597 jubilationis,
1064 528 1150 595 quae
1173 519 1287 572 tamen
1310 511 1414 590 m'agis
1435 527 1502 590 pro·

331 623 401 705 prie
419 619 568 685 dicuntur
587 619 816 683 tintinnabulo:
851 618 925 682 olim
947 617 1032 679 euim
1054 625 1132 678 ante
1159 630 1395 696 oampauarnrn
1422 631 1501 675 usum

328 705 552 790 tintinnabulis
587 724 629 786 ad
667 723 777 787 ollioia
809 723 1049 787 oonvooebatnr
1081 719 1191 802 plebs.
1247 717 1305 780 Ab
1336 718 1429 779 intua
1459 727 1502 780 eat

328 830 471 893 eoolosia
492 831 575 892 bene
604 835 736 908 ornatu,
768 829 802 890 in
825 827 942 890 multas
968 825 1112 908 oapellaa
1134 823 1262 904 divisa,
1286 831 1322 886 et
1344 821 1459 884 multae
1475 822 1504 883 in

329 950 369 996 ea
389 931 533 1014 pendent
553 931 722 1014 lampades
743 941 871 1013 praeter
892 928 1058 1012 lampades
1086 927 1123 990 S.
1147 925 1358 990 Cathariuae
1379 935 1411 988 et
1431 925 1505 987 alta·

241 1075 248 1082 -
333 1037 416 1099 rium
449 1044 482 1098 ot
514 1036 734 1099 columnarum
767 1037 838 1098 lili.
893 1035 981 1096 Ante
1010 1031 1187 1113 cujuslibet
1222 1030 1378 1093 monaehi
1407 1027 1506 1093 sedeur

329 1140 452 1222 pendet
472 1159 538 1203 nna
562 1141 693 1224 ¹lampas
724 1139 848 1202 ardens.
894 1136 948 1199 Ad
979 1137 1064 1200 hano
1084 1136 1269 1198 ecelesiam
1302 1133 1460 1216 dependet
1478 1133 1507 1193 in

332 1243 405 1325 ejus
426 1245 535 1326 eapite
557 1243 699 1307 ecelesia
720 1244 761 1306 ad
783 1243 930 1324 Ruburu‚
952 1240 993 1305 de
1015 1258 1079 1323 qua
1100 1241 1327 1323 praemissum
1350 1246 1412 1300 est.

419 1347 572 1412 Secunda
594 1347 734 1410 eeclesia
755 1356 808 1409 eat
828 1345 970 1409 ecelesia
989 1343 1102 1428 latina,
1115 1345 1216 1426 juxta
1242 1344 1350 1406 oellas
1370 1340 1507 1424 peregri-

329 1469 453 1532 norum,
466 1461 500 1512 et
519 1460 573 1514 est
596 1470 661 1514 una
681 1460 772 1513 areta
793 1467 934 1530 (ramera,
956 1447 1106 1530 oblonga,
1123 1466 1199 1511 oum
1222 1467 1293 1510 uno
1315 1447 1412 1509 altari
1432 1446 1508 1506 bene

330 1553 481 1618 deuorato
503 1553 537 1615 in
560 1553 772 1620 honoreus.
797 1550 995 1616 catharinae
1020 1561 1223 1615 consecrato.
1270 1551 1399 1616 linteos
1420 1549 1508 1613 habet

329 1657 412 1720 haee
446 1657 588 1720 eoolesia
616 1657 775 1741 parietes,
808 1659 864 1740 qui
893 1666 1000 1720 tamen
1028 1655 1160 1718 obduoti
1191 1655 1262 1738 (lo)
1295 1663 1378 1718 suut
1407 1652 1509 1714 mattis

333 1761 534 1824 diversorum
557 1761 709 1845 colorum,
717 1761 761 1824 de
776 1760 894 1844 pleotis
917 1759 1094 1843 palmarum
1115 1761 1287 1824 contextis
1310 1779 1371 1843 pro
1390 1756 1506 1820 deeora

329 1862 383 1927 Ad
416 1865 477 1929 has
510 1872 628 1930 mattas
649 1864 793 1951 pendent
820 1864 941 1928 multae
967 1863 1143 1928 schedulae
1165 1865 1311 1944 affixae,
1344 1859 1508 1943 inquibus

330 1969 494 2032 orationes
514 1970 670 2055 pulchrae
692 1971 733 2034 de
754 1970 790 2033 S.
816 1967 993 2033 catharina
1012 1976 1091 2031 sunt
1119 1966 1310 2052 desoriptae
1332 1983 1392 2048 per
1418 1977 1507 2044 pore-

328 2075 452 2156 grinos.
495 2073 570 2138 llos
593 2075 712 2158 quippe
733 2075 848 2155 habet,
883 2072 969 2157 quod
995 2072 1159 2156 quaelihet
1190 2073 1342 2136 sooietaa
1368 2063 1507 2151 peregri·

329 2196 443 2240 norum
464 2177 594 2261 aliquod
617 2197 747 2241 carmon
769 2178 952 2242 conscribat
978 2176 1136 2241 debeata
1166 2173 1355 2239 catharina
1377 2180 1409 2234 et
1430 2185 1505 2230 oon·

332 2282 486 2361 seriptum
517 2282 632 2362 parieti
663 2280 786 2365 affigit,
816 2283 850 2365 Ιἰιι
874 2300 937 2365 quo
967 2282 1065 2344 beata
1097 2278 1278 2344 catharina
1310 2274 1461 2358 landatur
1479 2275 1508 2329 et

326 2383 519 2466 peregrinus
535 2384 669 2465 quilibet
689 2387 881 2470 nominatur,
896 2396 930 2449 et
950 2387 1022 2466 hoo,
1037 2385 1068 2447 si
1087 2385 1230 2448 sooiotas
1256 2382 1379 2445 habeat
1396 2379 1504 2452 virum,

332 2487 389 2570 qul
410 2487 488 2549 talia
507 2486 630 2550 dictare
650 2489 745 2552 solat.
787 2492 826 2552 lu
849 2491 945 2562 tertia
966 2489 1124 2551 societate
1154 2496 1292 2550 nostrae
1320 2481 1505 2568 peregrim·

329 2591 430 2652 tionis
451 2601 521 2654 erat
542 2592 738 2655 venerabilis
759 2591 909 2656 domiuus
928 2591 1098 2654 Johrnuos
1119 2591 1284 2675 boninus,
1308 2584 1504 2653 archidiano-

330 2711 394 2756 nns
425 2693 841 2778 Septemeoolesiastensis,
880 2694 995 2760 doetus
1031 2703 1153 2775 orrtor3
1187 2695 1240 2758 hio
1272 2691 1417 2759 oonleoit
1436 2687 1504 2750 sine

328 2798 615 2881 praemeditatione
636 2802 744 2865 subito
765 2799 947 2882 subjeetum
971 2817 1103 2862 oarmeu
1123 2819 1181 2882 pro
1203 2800 1275 2864 suis
1298 2797 1423 2863 suedia:

415 2903 558 2988 Suseipe
578 2906 746 2988 virgineae
767 2905 870 2968 deous
891 2902 1072 2976 immortale
1092 2919 1242 2986 coronae,

458 3008 589 3092 hiartyr
608 3019 642 3071 et
661 3011 800 3091 insignis
821 3017 854 3071 te
875 3007 1051 3071 catharina
1069 3025 1194 3088 preoor.

416 3109 518 3172 Sume
540 3113 587 3174 tui
605 3129 705 3174 eausa
726 3121 900 3194 suseeptos
920 3112 996 3174 diva
1017 3111 1157 3192 labores,

460 3215 505 3276 llt
526 3214 602 3278 lieet
625 3215 767 3297 indignis
788 3216 963 3298 propitiare
985 3217 1060 3280 tuis.

414 3314 603 3380 Pannonius
624 3319 760 3399 primurn
784 3319 842 3381 tibi
863 3320 923 3381 lert
946 3321 1103 3401 obsequia
1123 3320 1228 3383 libens

464 3417 554 3480 dulia
572 3419 744 3483 dohannes
766 3422 845 3484 urbe
864 3423 982 3485 hevita
1004 3425 1125 3505 procul.

415 3518 519 3598 Quem
542 3524 690 3606 sequitur
710 3525 821 3607 Felix,
844 3525 1010 3589 Ulmensia
1030 3526 1134 3608 gloria
1156 3535 1272 3608 terrae,
1473 3538 1486 3575 l

461 3625 626 3691 Assuetus
646 3627 785 3693 Domino
803 3630 900 3713 dupla
924 3630 1046 3692 talenta
1067 3627 1153 3692 dare.
1489 3607 1506 3644 ⁸⁹

413 3727 478 3791 llis
501 3729 815 3816 Sohomborgensom
838 3735 1026 3798 lleinriouur
1048 3741 1082 3795 et
1103 3732 1281 3816 Casparem
1305 3752 1380 3812 una,

451 3831 522 3894 Ceu
544 3837 660 3899 videas
681 3837 798 3902 Nisum
820 3839 1061 3920 Euryalumque
1082 3854 1189 3917 pares.

414 3935 590 4017 Marspaeh
612 3938 842 4021 sigismundus
860 3941 1054 4003 Freneonae
1074 3941 1184 4022 gentis
1204 3939 1356 4004 alumnus

457 4038 567 4122 Atque
587 4041 766 4122 Argentina
787 4043 912 4106 Velsoh
933 4043 1031 4106 Peter
1056 4044 1136 4105 urbe
1156 4052 1281 4125 potens.

412 4141 456 4204 Hi
478 4143 598 4226 pariter
618 4145 767 4228 prodiere
788 4142 877 4210 tuum
899 4147 1085 4210 venerabile
1106 4163 1243 4229 eorpus-

451 4247 581 4334 Visuri,
609 4252 729 4332 pariter
750 4261 782 4312 et
804 4251 937 4316 redituri
959 4251 1082 4316 domos.
