3212 5206
730 217 734 232 Ι

198 473 372 540 naturales
414 475 488 540 Nos
510 473 873 555 christianidioimus,
893 476 955 540 bos
976 491 1109 558 oampos
1131 473 1222 540 aduri
1255 477 1368 564 isigo-

74 580 80 587 “
198 582 287 646 ribus
308 582 450 645 flammei
470 581 588 666 gladii,
612 585 644 646 si
668 601 781 646 verum
803 590 871 666 est,
903 577 990 664 quod
1021 579 1181 663 attingant
1203 584 1366 664 regionem

197 685 350 769 paradisi.
399 685 518 750 Judaei
551 687 678 770 dieunt,
710 688 797 751 hune
834 703 982 768 campum
1021 701 1100 748 esse
1135 685 1367 768 quodammodo

196 807 309 873 sepem
331 808 516 874 camporum
547 791 742 874 Elysiorum.
785 790 962 854 Naturales
989 808 1067 854 vero
1099 788 1251 874 eredunt,
1280 793 1368 858 huno

197 912 345 979 eampum
378 897 510 960 extendi
543 897 610 960 huo
629 915 649 958 a
668 913 754 958 noua
783 893 903 958 torrids
923 902 957 956 et
980 894 1074 978 qnod
1095 912 1152 978 per
1184 913 1257 960 enm
1289 899 1366 980 quis

158 1043 162 1050 -
196 1001 314 1083 poterit
334 1002 404 1062 vita
422 1001 539 1065 eomite
560 1001 594 1064 in
616 1003 778 1083 regionem
801 995 940 1062 torridae
960 1017 1065 1064 sonae
1085 1000 1266 1082 pervenire.
1339 1053 1342 1062 .
1370 1079 1374 1085 ἡ

247 1127 251 1132 ·
280 1104 504 1168 Processimus
526 1123 604 1188 ergo
626 1113 693 1169 toto
722 1104 778 1167 iiio
800 1103 853 1168 die
875 1107 908 1165 in
929 1112 1015 1166 tarra
1036 1103 1173 1167 mirabili
1207 1103 1367 1170 babentes

197 1207 364 1272 adextris
395 1218 521 1272 montes
548 1227 625 1291 prae
653 1219 802 1273 osumate
833 1207 947 1272 oaivos
968 1216 1000 1270 at
1032 1208 1141 1289 albos,
1173 1225 1194 1271 a
1223 1209 1366 1276 sinistris

195 1331 275 1380 vero
307 1331 439 1397 eampos
471 1315 576 1396 Elysii
607 1312 742 1378 adustos
769 1322 802 1376 et
833 1313 963 1394 nigros,
994 1313 1027 1376 iu
1056 1313 1174 1396 quibus
1205 1331 1271 1376 non
1299 1332 1365 1384 uua

194 1415 340 1499 plantula
367 1418 422 1482 vel
450 1419 630 1503 parrionis
658 1419 823 1500 reperitur.
867 1414 950 1480 Cum
983 1424 1092 1480 autem
1124 1417 1177 1481 soi
1208 1435 1361 1482 ooomnm

193 1528 338 1604 peteret,
359 1524 567 1604 pervenimus
587 1526 621 1585 in
642 1541 739 1585 uuum
762 1519 924 1585 borridum
952 1529 1144 1603 torrentem,
1177 1541 1236 1605 per
1266 1541 1362 1606 quem

194 1625 266 1687 suis
286 1627 485 1707 temporibus
513 1627 618 1690 fluxus
647 1628 849 1711 impetuosus
870 1625 1021 1693 deourrit.
1066 1629 1103 1690 In
1131 1626 1195 1692 hoo
1219 1636 1362 1692 torrente

195 1731 336 1791 tentoria
365 1729 497 1793 brimus
518 1739 551 1793 et
571 1729 613 1792 ad
642 1729 893 1813 pernoctandum
915 1732 949 1792 bu
978 1750 1019 1794 eo
1039 1749 1101 1795 nos
1132 1731 1363 1815 disposuimus.

195 1830 348 1895 Solebam
370 1842 477 1898 antem
499 1851 627 1917 semper
654 1835 729 1900 nris
756 1821 903 1898 tentoriis
938 1837 1059 1898 uostris
1088 1836 1180 1901 edire
1212 1836 1363 1902 Calinum

194 1955 335 2021 eumque
355 1937 397 2002 de
417 1940 546 2002 nomine
567 1938 629 2002 looi
650 1941 858 2021 interrogare
893 1937 976 2002 Cum
999 1957 1087 2002 more
1107 1941 1206 2004 solito
1222 1940 1263 2004 ad
1286 1959 1361 2009 enm

194 2042 260 2106 boe
279 2060 354 2106 sero
381 2044 545 2108 venissem
584 2051 616 2106 et
647 2045 876 2126 interrogarem
908 2043 1100 2109 denomino
1126 2045 1358 2112 illinsdeserti

194 2157 228 2210 at
249 2151 421 2228 torrentis,
450 2165 560 2230 parum
583 2145 773 2210 deliberavit
801 2156 833 2210 et
854 2146 988 2211 ridendo
1010 2148 1108 2231 dixit,
1142 2148 1247 2212 ionum
1270 2149 1359 2226 iilum

193 2252 356 2317 Albaroeh
378 2251 458 2335 diei,
479 2251 566 2335 quod
588 2253 717 2336 quidam
739 2253 794 2315 alii
815 2251 943 2315 Ambos
964 2262 997 2316 et
1017 2253 1189 2320 Sarreoeni
1218 2254 1359 2318 eirenm-

191 2363 317 2420 stantes
342 2355 510 2419 audientes
531 2359 679 2421 similiter
700 2358 854 2440 riserunt,
886 2358 1055 2440 siguentes
1087 2357 1181 2441 mIbi,
1214 2367 1249 2420 ut
1271 2357 1357 2421 sori·

192 2462 300 2525 berem
322 2461 494 2526 Albarooh.
522 2462 632 2526 Habui
652 2463 736 2524 euim
757 2464 792 2524 in
814 2479 909 2524 mann
931 2470 1141 2526 atramentum
1164 2471 1195 2525 et
1217 2479 1355 2546 pennam

191 2583 264 2628 oum
291 2585 415 2649 papyro
447 2565 488 2629 ad
515 2567 720 2631 scribendum
749 2574 782 2629 et
806 2569 867 2643 ita,
889 2573 925 2628 ut
952 2567 1030 2629 mibi
1048 2567 1208 2650 dixerant,
1240 2566 1358 2650 seripsi
1499 2557 1503 2566 ’

190 2670 355 2734 Albaroob
385 2673 420 2734 in
452 2672 554 2735 obuiis
581 2689 709 2752 sonum,
740 2679 773 2732 et
794 2689 847 2733 me
872 2672 1034 2734 seribeute
1055 2681 1087 2734 et
1109 2671 1239 2755 legente
1259 2669 1357 2735 vaide

190 2776 342 2843 riserunt.
383 2775 483 2839 Porro
503 2791 650 2840 massam
673 2777 759 2838 risos
789 2793 897 2837 eorum
919 2794 978 2858 pro
1010 2784 1087 2838 tuno
1107 2774 1237 2857 quidem
1258 2778 1355 2857 igno-
1407 2787 1410 2792 ’

190 2880 277 2962 ravi,
298 2879 357 2942 sed
378 2890 491 2962 postea
519 2882 619 2962 scivi,
652 2880 786 2942 trniavit
808 2882 894 2942 euim
931 2898 983 2941 me
1004 2878 1139 2941 Calinus
1157 2887 1192 2941 et
1212 2878 1267 2940 aiii
1289 2896 1353 2960 ps·
1374 2939 1383 2950 ,

189 2985 267 3066 gani
289 2991 321 3045 et
341 3001 458 3048 noman
478 2985 603 3048 bestiae
629 2984 826 3047 biaohometi
853 3002 911 3066 pro
932 2986 1062 3046 nomine
1083 2983 1147 3046 ioei
1168 2981 1297 3045 tradidit
1319 2987 1354 3044 ei

189 3087 263 3151 ideo
283 3088 430 3152 riserunt.
473 3088 621 3151 Habetnr
638 3089 722 3152 euim
743 3089 776 3150 iu
800 3089 1000 3169 Aioborano,
1022 3085 1108 3170 quod
1130 3084 1267 3169 quadam
1289 3085 1353 3168 die,

189 3191 264 3256 dum
295 3201 397 3257 staret
421 3194 653 3258 -biaobomerus
684 3195 718 3256 in
745 3193 866 3256 bieoba
893 3202 969 3255 ante
1000 3192 1088 3257 iores
1125 3190 1239 3256 domus
1259 3207 1352 3272 suae,

187 3299 281 3360 veuit
326 3298 463 3381 augelus
507 3296 640 3362 Gabriel
686 3306 720 3359 et
772 3296 905 3359 adduxit
954 3315 1066 3362 seeum
1109 3315 1167 3380 per
1207 3296 1352 3360 habenas

187 3401 433 3484 pulcherrimam
460 3411 496 3465 et
523 3401 763 3466 velocissimam
794 3401 949 3484 bestiam,
983 3400 1062 3484 (80
1073 3405 1119 3486 ι)
1150 3401 1205 3464 eni
1234 3417 1352 3462 nomen

187 3516 256 3570 erat
283 3506 464 3587 Aibaroob,
496 3515 530 3568 et
550 3515 620 3569 erat
647 3506 751 3569 bestia
777 3505 835 3569 iiia
864 3505 940 3569 talis
968 3507 1106 3570 iorrnse:
1141 3514 1211 3568 erat
1250 3503 1352 3586 major

186 3611 279 3674 asino
311 3618 343 3672 et
364 3611 468 3673 minor
494 3610 596 3692 mulo,
619 3621 652 3673 et
678 3609 818 3672 babebat
838 3610 953 3673 faeiem
976 3611 1126 3674 deeoram
1157 3609 1297 3673 bominis
1318 3615 1352 3672 et

77 3765 84 3778 ,
186 3717 293 3778 oriues
314 3715 386 3798 ejus
417 3724 510 3778 eraut
536 3715 578 3778 de
598 3715 713 3798 perbis,
745 3723 861 3798 peetus
882 3714 923 3777 de
948 3713 1138 3797 smaragdo,
1179 3712 1285 3776 oauda
1310 3711 1352 3777 da

185 3819 314 3903 rubino,
346 3819 431 3884 oouli
452 3817 606 3882 clariores
627 3819 717 3896 sole,
748 3818 850 3901 pedes
878 3827 911 3882 et
932 3819 1074 3901 ungulae
1094 3827 1130 3882 ut
1159 3817 1294 3898 aamsb,
1318 3825 1352 3882 et

184 3940 284 4006 supra
312 3925 481 3989 humanam
517 3924 773 3988 aestimationem
807 3932 876 3986 erat
909 3925 1050 4005 pretioso
1079 3922 1211 3992 sellata.
1256 3925 1352 3986 Haeo

185 4029 289 4092 bostis
308 4029 430 4093 uallum
451 4029 612 4093 homiuem
634 4045 732 4111 super
751 4043 790 4095 ae
812 4026 943 4091 admisit
963 4027 1096 4111 sedere,
1124 4029 1188 4091 nisi
1216 4025 1352 4092 Gabriel

184 4135 215 4196 ei
237 4133 454 4198 testimoninm
477 4133 518 4196 de
539 4133 685 4196 bonitate
712 4133 910 4215 perhiberet3
936 4132 1058 4213 juravit
1078 4140 1186 4194 antem
1217 4129 1351 4196 Gabriel
1473 4177 1477 4186 Α

184 4234 311 4299 bestiae
331 4249 390 4319 per
410 4240 576 4300 viventem
597 4238 721 4320 Deum,
742 4236 829 4319 quod
851 4253 1023 4320 numquam
1054 4235 1214 4298 bominem
1235 4233 1352 4297 melio·

185 4355 252 4400 rem
271 4339 475 4408 biaobomato
495 4341 696 4424 invenisset,
714 4338 790 4407 ideo
811 4337 946 4404 deberet
966 4357 1039 4404 enm
1060 4340 1238 4422 sueipers
1275 4337 1351 4400 Hos
