3132 5206
684 197 724 264 at

112 382 316 466 cbjefficnes
359 377 502 463 turpium
554 387 588 441 et
647 378 863 444 contumeliae
908 377 1049 444 inuicem
1084 380 1283 470 jaculaturi,

108 488 295 552 usteutlbus
316 482 508 548 &rumis
535 483 631 548 etium
654 483 861 552 audientibus
881 501 956 548 cutm
976 485 1099 567 ingenti
1119 488 1283 554 enudus

108 593 260 658 ll'uerunt
278 591 324 655 ibi
342 587 476 674 quidm
497 586 700 675 tenemus,
722 592 784 657 viri
800 588 1082 676 piscicuutissimi,
1104 592 1158 673 quii
1178 595 1283 658 mins-

110 699 231 760 lrsutur
253 703 387 779 patrone
407 692 679 780 interiectionem,
697 705 732 762 ct
753 694 841 782 quod
863 711 972 777 regem
983 693 1142 758 Frmciae
1162 698 1283 763 vellent

109 810 231 867 cuntru
248 799 396 863 Venetus
416 800 590 862 connitere.
633 799 754 866 Victus
774 817 853 884 erge
880 809 1036 884 patrunus
1057 798 1283 882 importunita-

109 907 200 970 tibus
221 903 462 988 peregrinorum
475 903 597 968 dimisit
611 919 681 990 en,
700 907 940 972 neunediscuru
959 902 1158 968 descendere
1172 906 1283 990 veluit,

108 1010 174 1074 sed
203 1026 267 1072 nes
297 1008 387 1072 scloe
408 1025 480 1072 cum
505 1007 697 1074 Serrucenls
718 1011 809 1079 ubire
837 1008 994 1092 perun'sit.
1033 1008 1072 1070 In
1094 1025 1168 1092 ,qua
1196 1009 1283 1075 teuc

109 1113 340 1178 inuisissimis
369 1113 452 1197 egit,
489 1131 554 1178 non
592 1117 678 1180 ment
708 1123 892 1201 protectur,
922 1112 982 1176 sed
1013 1112 1100 1176 siem
1131 1113 1282 1196 proditer.

108 1221 236 1283 rumen
256 1217 328 1282 Dec
349 1235 410 1282 nus
431 1217 636 1285 custodiente
655 1223 785 1305 integre
814 1235 949 1284 numero
970 1217 1094 1280 reversi
1115 1233 1228 1282 sumus
1248 1223 1283 1283 in

105 1324 313 1406 demerim,
336 1324 486 1407 qumvis
505 1324 598 1388 multi
619 1327 736 1391 iniirmi
760 1325 837 1390 lecti
865 1324 1002 1405 luerint,
1024 1339 1160 1405 querum
1181 1324 1283 1408 msjcr

107 1447 265 1494 numerus
294 1430 329 1492 iu
355 1429 436 1492 ueri
461 1427 552 1492 obite
594 1424 653 1490 Sic
681 1429 715 1488 in
741 1427 887 1492 mnis
917 1446 990 1490 mea
1023 1429 1283 1510 peregrinatione

107 1553 180 1598 rem
202 1553 261 1618 per
281 1532 364 1596 dues
383 1534 481 1598 ireres
502 1530 750 1615 difficultebsut,
770 1531 830 1599 ssi
852 1549 926 1598 cunr
945 1533 1097 1598 viderent
1118 1552 1179 1598 nes
1204 1552 1281 1619 per·

109 1644 240 1706 tiuuoes
271 1648 434 1704 eteorum
456 1638 665 1701 suasionibus
686 1655 750 1700 nen
772 1642 1033 1723 acquiescentes,
1056 1640 1281 1710 condescend-

1 1733 2 1743 ’
107 1752 216 1826 erunt,
236 1743 407 1809 dieentesc
438 1739 525 1825 qued
545 1740 789 1823 provideremus
808 1745 904 1808 nubis
926 1744 968 1806 de
988 1745 1062 1808 cibe
1083 1755 1115 1810 et
1136 1757 1225 1832 putu,
1246 1759 1281 1814 et

107 1850 145 1912 in
166 1849 344 1913 crastiuum
364 1845 528 1930 prulicisci
549 1845 712 1910 vellamus
732 1847 826 1913 nubis
847 1851 979 1931 peratis.
1024 1851 1139 1934 ltaque
1165 1871 1281 1920 cmuss

1 2010 2 2027 ,
106 1957 281 2037 pecuniam
303 1953 508 2036 reposuimus
528 1950 572 2014 ed
603 1949 720 2020 cellsm
738 1953 865 2020 Fratris
885 1952 1048 2030 {obtimis
1072 1955 1114 2019 de
1135 1959 1281 2045 Pnusu,

107 2067 144 2122 et
165 2058 355 2142 pervium
375 2073 437 2121 nes
461 2055 503 2120 ad
522 2057 594 2120 iter.

110 2289 172 2368 Ile
198 2309 351 2368 recessu
376 2287 649 2392 peregrinorum
669 2287 915 2366 adcumulem
939 2297 1067 2367 contr-c
1082 2289 1280 2374 Jordunenr
1359 2306 1370 2331 ¹·

516 2409 667 2484 fluvium
692 2417 867 2486 sanetum.

194 2593 331 2657 Decius
360 2607 448 2656 nens
478 2588 533 2653 die
563 2605 660 2654 mane
684 2601 761 2657 rute
793 2593 899 2657 lucem
929 2595 1141 2680 surreximus,
1173 2607 1207 2661 et
1238 2599 1279 2664 ud

106 2698 285 2764 ecclesium
306 2700 422 2761 beetse
442 2695 591 2778 Virginis
612 2694 710 2758 valiis
729 2695 891 2781 Jcsuphet
911 2697 1132 2782 transivimus,
1163 2709 1196 2764 et
1223 2703 1279 2788 ibi,

108 2807 190 2889 quie
215 2801 409 2867 subluthins
429 2799 500 2863 dies
528 2808 614 2883 erut,
642 2799 690 2862 de
709 2799 806 2864 bests
825 2800 964 2882 Virgine
989 2799 1223 2887 ciliciuvimns,
1247 2816 1281 2870 et

108 2916 187 2991 pest
200 2907 272 2976 xlrcc
293 2907 327 2969 iu
348 2911 490 2968 muntem
505 2899 603 2987 Uycn
625 2903 832 2970 metrumne
853 2901 1054 2968 ud0iiicium
1077 2903 1279 2973 Conventus.

108 3011 193 3076 Pcst
211 3009 382 3095 prandium
413 3016 445 3070 et
468 3017 544 3092 post
564 3009 730 3074 meridiem
750 3013 896 3092 receptis
927 3008 1071 3073 sacculis
1099 3015 1219 3076 uestris
1246 3016 1280 3080 iu

110 3119 196 3181 sirie
216 3115 376 3181 ecelesim
391 3113 484 3198 Syun
506 3115 770 3198 exspectavimus
791 3114 941 3179 ductores
962 3124 1092 3180 nostres
1114 3124 1149 3179 et
1168 3119 1280 3184 uiua·

110 3222 177 3286 ries
198 3237 273 3286 curn
301 3219 414 3284 uinis.
457 3218 603 3284 nmium
628 3227 737 3284 sutem
764 3229 840 3304 pert
859 3219 1038 3284 tsedieseur
1057 3228 1280 3305 exspectetis·

108 3343 196 3409 uem,
215 3343 291 3389 cum
310 3325 378 3408 jum
399 3324 478 3389 herr
499 3341 709 3408 vesperarum
729 3325 872 3410 adesset,
890 3334 1053 3390 venerunt
1067 3343 1140 3390 curn
1154 3328 1278 3416 battis,
1399 3365 1411 3390 ,

108 3440 146 3494 ut
164 3430 323 3494 ducerent
341 3423 403 3493 nus
425 3429 466 3492 sd
477 3427 666 3508 dordunum.
710 3428 858 3513 Cumque
868 3432 1048 3515 uenissent,
1070 3442 1280 3499 sucurrerunt

108 3533 274 3620 peregrini
303 3534 344 3597 eri
375 3535 498 3598 bestius
533 3533 574 3596 eti
596 3534 829 3618 providendum
850 3535 922 3598 sibi.
965 3533 1047 3598 Oris
1079 3545 1187 3602 autem
1218 3539 1279 3604 luit

109 3641 277 3706 cententio
298 3637 553 3724 intorquendum
574 3640 706 3704 militem
728 3651 762 3704 et
782 3637 942 3725 quendam
957 3638 1143 3722 religiosum
1164 3659 1279 3708 secer·

109 3745 230 3827 dctem,
251 3744 420 3828 litigantes
440 3761 500 3828 pru
514 3745 696 3829 eslneunc,
718 3763 813 3829 quern
834 3745 969 3829 quilibet
986 3744 1114 3810 dicente
1131 3765 1170 3811 se
1188 3749 1279 3832 prius

106 3849 274 3914 brumes
311 3849 354 3913 lit
374 3849 537 3934 percussit
557 3851 652 3915 miles
673 3851 862 3935 religiosum
889 3847 999 3913 multis
1019 3847 1138 3912 ictibus
1158 3867 1279 3934 pugne,

108 3965 142 4020 et
168 3956 200 4018 si
229 3953 374 4039 glsdieru
405 3951 574 4018 habuisset
606 3955 815 4022 vulnerasset
829 3973 915 4038 enin,
947 3963 983 4018 et
1011 3973 1085 4020 eum
1117 3953 1158 4017 sla
1187 3954 1280 4018 asine

111 4055 296 4162 repulisset,
318 4069 352 4124 et
373 4059 467 4124 miles
485 4061 852 4126 excommunicationem
873 4061 1022 4142 incurrit,
1053 4075 1149 4145 quem
1170 4065 1280 4122 temen

111 4167 218 4230 stetim
248 4171 327 4228 ente
356 4173 504 4228 uestrum
542 4179 710 4231 recessum
741 4166 841 4232 Peter
874 4163 980 4245 (104
1006 4165 1061 4246 A)
1096 4161 1281 4227 Gsrdisuns

112 4267 263 4335 ebseleit.
306 4267 444 4340 cunctis
474 4287 552 4353 erge
574 4272 715 4352 peractis
736 4270 965 4336 descendimus
991 4267 1034 4331 de
1060 4275 1170 4342 munte
1189 4265 1281 4349 eyes
