3212 5206
860 287 924 352 454

308 473 437 538 emicuit
449 465 487 534 'et
508 473 541 534 in
567 467 740 554 splendore
760 467 863 552 Virgo
887 469 1033 553 gloriosa
1051 475 1153 532 mater
1174 467 1302 532 Domini
1324 467 1478 542 dolcissi-

308 597 360 642 me
381 579 431 639 eis
452 576 599 660 apparuit
623 581 666 658 ot,
688 591 731 644 ue
752 573 860 639 aloco
882 584 946 638 tam
968 583 1082 638 sancto
1103 557 1321 658 dimedereut,
1341 591 1478 656 praece·

307 683 356 766 pit
383 685 624 765 securitateque
655 665 799 764 pollicita
837 697 913 742 mox
945 677 1112 763 disparuit.
1155 679 1288 742 Fratres
1316 697 1395 762 orgo
1416 679 1477 742 beo

307 786 437 850 visione
458 785 615 852 consolati
638 783 773 847 ulterius
794 782 1050 866 descenderunt,
1077 785 1191 866 gravis
1212 793 1321 846 tamen
1343 785 1476 848 tentatio

306 909 365 954 eos
386 893 486 955 movit
503 898 696 971 metuentes,
717 907 760 951 ne
780 887 863 953 serto
884 890 1075 973 phantasma
1088 897 1189 970 esset,
1209 887 1296 971 quod
1314 887 1475 950 viderant.

307 995 392 1060 Cum
409 1014 487 1080 orgo
506 993 546 1059 ad
568 997 674 1060 locum
694 993 803 1078 sontis,
817 995 871 1058 ubi
893 1004 971 1058 tunc
990 1009 1076 1077 aqua
1095 991 1183 1054 nulla
1204 1001 1283 1074 erat,
1295 993 1476 1074 commeent,

307 1101 521 1164 substiterunt
549 1103 658 1186 ibique
685 1101 789 1164 Deum
823 1098 973 1161 devotius
995 1105 1228 1179 exoraverunt,
1262 1105 1315 1179 ut,
1348 1098 1379 1158 si
1400 1113 1478 1158 vera

308 1203 428 1268 inisset
447 1206 614 1290 apparitio,
626 1203 660 1269 id
679 1205 787 1289 aliquo
808 1207 903 1289 signo
923 1203 973 1266 eis
994 1202 1071 1266 dato
1088 1199 1261 1264 ostendere
1281 1199 1475 1284 dignaretur.

310 1305 397 1372 Mira
420 1327 489 1394 rea,
511 1330 587 1375 mox
607 1295 672 1373 illis
705 1309 871 1373 orantibus
894 1309 967 1372 lons
988 1309 1086 1370 vivus
1118 1305 1161 1368 do
1182 1303 1354 1370 durissima
1385 1314 1477 1387 petra

308 1411 352 1474 ad
373 1411 459 1476 latua
476 1433 594 1476 eorum
617 1414 739 1496 erupit,
766 1414 821 1476 ubi
851 1414 941 1495 prius
962 1430 1024 1475 noo
1044 1429 1149 1495 aquae
1169 1412 1346 1494 vestigium
1372 1427 1476 1493 appa-

198 1567 201 1574 .
308 1517 389 1599 ruit,
411 1525 604 1600 orantesque
630 1518 800 1602 plurimum
821 1516 1012 1580 laetificavit
1034 1525 1066 1579 ot
1088 1533 1108 1579 a
1127 1522 1206 1579 tuuc
1232 1515 1391 1599 usquein
1413 1515 1475 1576 boc

308 1637 395 1683 nrrrrc
426 1621 527 1683 liuere
546 1641 611 1687 oon
639 1623 796 1687 cessavit:
828 1619 869 1684 de
889 1631 982 1704 petra
1012 1622 1194 1683 scaturiens
1225 1619 1475 1683 ascendentibus

308 1733 447 1788 montem
470 1727 544 1788 sive
570 1725 844 1790 descendentibus
874 1719 991 1788 multae
1012 1734 1063 1788 est
1091 1724 1330 1791 consolationis.
1375 1723 1477 1806 Signo

309 1847 388 1913 ergo
410 1829 517 1894 babilo
541 1832 665 1904 ¹iratres
687 1849 760 1897 cum
791 1829 913 1894 laetitia
935 1830 1171 1894 descenderunt
1194 1837 1225 1891 et
1248 1831 1477 1891 monasterium

308 1949 380 1997 eum
404 1941 472 1998 tota
500 1935 758 1999 circumferentia
789 1933 1018 1998 mundatuma
1050 1915 1215 1998 vermibus
1236 1943 1423 2016 repererunt
1445 1941 1478 1994 et

307 2031 372 2102 no'u
396 2037 491 2110 modo
513 2040 623 2123 procul
654 2039 730 2104 inde
767 2040 979 2122 aulbgerunt,
1014 2039 1199 2123 satiusque
1233 2040 1266 2099 ln
1289 2036 1477 2100 hodiernum

308 2139 393 2205 diem
416 2153 580 2225 nequeunt
600 2147 857 2228 appropinquare
867 2144 939 2207 loco
959 2143 1073 2226 eidem,
1092 2152 1123 2206 et
1146 2144 1175 2206 si
1195 2139 1389 2225 quaudoque
1403 2158 1478 2203 ser-

307 2265 390 2330 peus
419 2249 459 2311 ab
491 2257 582 2312 extra
618 2256 767 2332 apparet,
796 2249 919 2330 statim,
948 2257 983 2312 ut
1012 2249 1112 2312 muris
1146 2247 1474 2331 appropinquaverat,

307 2353 450 2415 moritur.
963 2407 966 2412 ,

393 2455 472 2517 Cum
493 2454 575 2518 baec
596 2473 617 2519 a
638 2455 737 2520 fratre
758 2456 938 2520 Nicodemo
960 2455 1216 2539 audivissemus,
1238 2455 1342 2518 lieum
1362 2453 1480 2518 lauda·

306 2557 414 2621 vimus
434 2565 468 2620 et
490 2560 632 2642 ingressi
652 2559 808 2643 capellam
829 2543 1050 2623 intemeratam
1070 2561 1208 2623 Mariam
1227 2561 1397 2644 Virginem
1418 2575 1478 2622 aa·

306 2661 482 2727 lutavimus
503 2673 534 2727 et
557 2663 777 2748 indulgentias
799 2665 858 2748 (†)
880 2673 1055 2746 septennes
1075 2667 1262 2748 accepimus
1296 2665 1392 2728 dietis
1415 2681 1478 2727 an-

308 2768 450 2850 tiphonis
485 2777 519 2832 et
558 2769 731 2834 versiculis
765 2786 805 2834 ac
843 2769 988 2832 collectis
1023 2771 1057 2833 in
1101 2769 1335 2854 processionali
1371 2777 1478 2832 terrae

307 2881 441 2936 sanctae
462 2875 611 2957 signatis.

391 2976 443 3040 Ab
464 2977 520 3042 illo
543 2977 670 3042 demum
705 2978 776 3043 loeo
808 2976 1024 3042 ascendentes
1056 2978 1156 3043 multo
1190 2993 1264 3041 cnm
1297 2976 1408 3039 labore
1435 2972 1478 3037 ad

307 3095 416 3143 areum
439 3081 589 3145 venimus
610 3080 787 3166 lapideum,
810 3082 865 3165 qui
892 3083 931 3144 ab
952 3101 1017 3146 uno
1040 3082 1141 3146 latere
1168 3081 1345 3164 crepidinis
1372 3097 1478 3162 usque

307 3181 348 3244 ad
370 3183 457 3246 aliud
478 3193 591 3249 tensus
612 3187 646 3249 in
668 3186 793 3248 modum
816 3195 930 3268 portae
950 3196 1105 3250 curvatur
1125 3196 1158 3250 et
1180 3185 1222 3248 de
1244 3185 1372 3268 magnis
1393 3201 1478 3267 qua·

307 3286 408 3350 dratis
430 3288 590 3372 lapidibus
621 3291 847 3353 vetustissimo
868 3307 967 3373 opere
988 3301 1038 3354 eat
1072 3291 1196 3372 iactus,
1228 3308 1290 3353 neo
1310 3297 1400 3372 patet
1418 3287 1477 3351 uia

310 3407 458 3475 sursum,
477 3395 540 3455 nisi
564 3411 623 3476 per
641 3391 892 3475 iliamportam,
920 3411 1004 3475 quae
1024 3403 1131 3457 tamen
1150 3394 1258 3458 valvis
1285 3403 1386 3458 caret.
1427 3392 1476 3455 lbi

307 3505 397 3558 certa
417 3493 587 3561 didicimus
608 3499 802 3580 narratione,
817 3495 902 3581 quod
923 3496 1239 3563 nullusJudaeorum
1262 3499 1347 3562 barrc
1365 3503 1475 3580 potest

308 3597 434 3682 ingredi
454 3607 597 3685 portam,
624 3602 738 3666 etheo
758 3601 880 3686 pluries
901 3603 1003 3665 fertur
1023 3605 1208 3686 probatum,
1231 3603 1306 3687 quia
1322 3601 1375 3666 vel
1405 3607 1477 3664 ter·

311 3721 384 3766 rore
401 3704 456 3767 rel
478 3704 583 3790 aliquo
599 3708 763 3785 miraculo,
790 3709 843 3770 llic
862 3707 937 3770 dum
959 3709 1117 3791 venerint,
1139 3708 1204 3789 (b)
1227 3707 1423 3792 repelluntur
1442 3713 1476 3768 et

179 3845 185 3858 ·
306 3807 501 3892 produntur,
530 3812 658 3875 etiamsi
685 3811 812 3876 occulte
841 3811 999 3875 accedere
1030 3813 1140 3875 conati
1171 3813 1309 3878 luerunt.
1353 3813 1477 3893 blaguo

306 3913 391 3974 enlm
416 3909 578 3979 desiderio
600 3923 751 3980 aestuant
771 3916 884 3980 videre
910 3917 1020 3985 locum
1051 3917 1182 3980 lationis
1200 3935 1281 3982 suae
1301 3917 1404 4000 legia,
1425 3915 1478 3979 sio

305 4023 342 4078 ut
362 4031 423 4078 noe
444 4021 626 4100 appetimus
648 4021 760 4084 videre
779 4021 882 4085 locum
906 4017 1126 4085 crucifixionis
1147 4021 1250 4085 nostri
1267 4021 1475 4106 legislatoris

306 4115 373 4183 Sed
396 4122 457 4185 sub
488 4122 550 4186 bac
570 4131 664 4208 porta
694 4126 890 4210 subsistunt,
913 4129 1092 4210 rigescunt,
1129 4127 1318 4204 tabescunt,
1342 4132 1479 4189 contre-

307 4225 449 4288 miseunt
475 4235 508 4288 et
543 4231 731 4314 rejiciuntur
751 4230 861 4296 (lirino
883 4231 1046 4296 miraculo.
1076 4229 1223 4315 Contigit
1243 4247 1383 4314 namque
1400 4237 1479 4293 anto

306 4327 368 4394 boa
389 4347 502 4415 annos,
515 4335 603 4417 quod
625 4333 753 4421 quidm
774 4336 922 4402 iudaeus
940 4343 1066 4400 mutato
1087 4335 1197 4399 babitu
1220 4345 1253 4399 et
1273 4334 1479 4400 dissimulato
