3132 5206
136 465 242 512 eausa
262 446 395 530 qaridam
407 445 612 520 &maanus
632 447 726 530 niger
744 454 777 510 et
799 443 990 510 seminudus
1013 445 1048 511 iu
1069 443 1176 511 media
1195 445 1252 510 via
1272 461 1311 508 se

135 553 265 634 posuit,
288 559 324 615 et
345 549 471 634 lapidae
491 554 525 616 iu
547 553 710 617 cuminum
731 553 915 635 congessit,
938 558 979 614 et·
995 549 1131 628 elevatis
1151 549 1311 634 lapidibus

135 659 174 718 in
194 657 439 739 peregrinorum
461 639 578 739 aquen
595 654 723 739 jactare
740 659 939 739 minabatur,
960 657 991 720 si
1013 655 1133 740 aliquis
1146 675 1206 739 per
1226 655 1311 718 meua

135 760 228 824 illam
259 763 466 844 processerit
511 759 566 823 Ad
597 777 676 826 suos
707 770 816 829 autern
844 760 1006 828 clamores
1034 769 1068 822 et
1100 761 1204 843 minas
1225 767 1311 824 tutus

134 868 304 930 exercitus
324 866 473 932 substitit
506 865 600 949 quasi
630 864 673 928 ad
699 865 863 930 dimidiata
895 865 1028 946 huram,
1061 862 1212 931 ductores
1232 881 1311 928 vero

134 971 244 1034 austri
264 987 339 1034 cum
360 987 401 1034 eo
422 969 674 1051 contendebant,
712 979 746 1034 et
766 978 881 1038 uentre
911 987 986 1037 eum
1015 969 1221 1052 clamabam,
1252 965 1311 1030 sed

24 1127 26 1146 ‚
133 1091 200 1138 eos
222 1075 353 1136 minime
373 1075 524 1156 advenit,
541 1081 576 1137 et
596 1083 711 1140 contra
732 1093 801 1158 eos,
818 1075 874 1158 qui
895 1073 1046 1158 progredi
1063 1072 1311 1154 contendebant,

137 1179 270 1244 fortiam
289 1177 415 1260 lapides
436 1179 584 1248 uatem
603 1196 676 1244 cum
700 1197 818 1263 magna
838 1179 931 1257 iuria
976 1177 1024 1261 0,
1044 1179 1202 1263 cogitavi,
1227 1177 1311 1240 siin

134 1284 262 1347 uostris
283 1282 429 1365 partibus
457 1285 514 1348 nni
535 1281 578 1345 ‹le
609 1285 751 1364 minimis
773 1283 934 1348 nobilibus
964 1283 1040 1346 istis
1066 1292 1099 1346 te
1120 1283 1170 1348 sic
1190 1280 1312 1345 nudum

133 1389 173 1450 in
195 1387 251 1450 via
271 1403 470 1470 opponam,
499 1389 681 1471 quamcito
711 1387 854 1476 gladium
886 1385 943 1459 vel
963 1391 1119 1471 sagittam
1145 1389 1182 1468 iu
1207 1386 1311 1450 latere

133 1492 296 1570 haberes!
327 1489 395 1554 Setl
413 1509 478 1556 uon
497 1492 546 1556 ita
575 1501 633 1556 eet.
646 1493 680 1556 iu
702 1492 911 1556 orientalibus
933 1493 1002 1556 illis
1024 1493 1180 1576 partibus.
1226 1489 1311 1554 Suut

134 1598 226 1659 enirn
248 1595 424 1661 orientales
445 1594 578 1660 alterius
602 1595 813 1680 conditionis,
834 1615 931 1682 quem
951 1615 1029 1680 uos,
1053 1597 1124 1681 vel,
1146 1593 1210 1658 elia
1229 1603 1310 1658 suut

24 1759 28 1780 ,
135 1701 227 1786 epol
268 1721 332 1766 uos
363 1701 536 1785 regimina,
572 1701 655 1764 aliae
683 1703 718 1766 in
749 1702 798 1764 eis
820 1704 1018 1784 'passionem
1038 1699 1164 1783 (108
1174 1701 1229 1783 A)
1256 1699 1311 1763 alii

134 1817 310 1891 respectus
331 1807 481 1889 rationis,
513 1805 568 1868 alii
590 1814 786 1890 conceptus,
817 1825 952 1891 corpora
974 1825 1085 1872 eorum
1101 1855 1105 1862 .
1120 1806 1213 1870 aliter
1233 1813 1312 1868 suut

137 1911 417 1995 complexionata,
434 1918 482 1972 et
502 1917 587 1973 suut,
605 1911 650 1974 ibi
670 1911 724 1975 elii
746 1911 887 1976 miluus
918 1907 1062 1976 siderum
1083 1920 1138 1975 .et
1159 1911 1223 1976 elia
1247 1909 1309 1981 cli-

135 2025 241 2098 mate,
272 2014 358 2081 illeo'
373 2033 506 2098 pauper,
526 2016 659 2080 inermis
691 2024 726 2079 et
752 2015 858 2080 nudus
883 2015 979 2080 homo
1000 2016 1058 2079 ille
1079 2016 1186 2098 coegit
1207 2023 1309 2078 totum
1406 2046 1425 2075 e

136 2123 321 2186 exereitum
341 2118 461 2201 redire,
490 2126 525 2182 et
546 2123 670 2184 reversi
692 2137 806 2188 sumus
825 2119 869 2188 ad
890 2121 1022 2204 longua
1043 2122 1200 2202 spatium,
1233 2119 1311 2204 ‹ler-
1376 2126 1379 2134 '

136 2244 213 2290 sum
233 2233 401 2289 vertentes
417 2224 526 2287 ,monti
545 2221 649 2308 Syou,
671 2242 842 2308 quousque
863 2223 904 2288 ad
924 2225 1019 2288 aliam
1038 2226 1127 2288 viam
1150 2224 1310 2326 venimus,

99 2363 104 2372 ·
140 2331 176 2394 e't
206 2339 288 2394 tnue
308 2330 460 2394 convmsi
487 2347 529 2394 ex
560 2331 707 2413 opposite
735 2327 920 2394 Jerusalem
951 2329 1119 2411 venimus,
1152 2326 1311 2418 habentes

138 2434 262 2499 vallem
305 2435 389 2498 inter
420 2451 481 2498 nos
511 2443 544 2496 et
572 2435 736 2498 civitatem
753 2442 924 2503 ‘sanctam
968 2431 1167 2516 Gyraviruus
1200 2441 1309 2497 taureu
1387 2522 1392 2531 Ι
1447 2423 1450 2429 ’

138 2539 273 2622 vanem,
292 2556 352 2620 per
371 2555 484 2622 agrum
507 2538 637 2618 fullonis
657 2539 799 2622 ingressi
815 2557 927 2602 sumus
953 2541 987 2602 iu
998 2536 1192 2623 Jerusalem,
1214 2549 1247 2602 et
1265 2537 1310 2602 atl

139 2643 285 2709 elicium
306 2644 434 2709 lllissae
452 2647 603 2706 venimus
624 2645 661 2706 iu
694 2652 833 2707 montem
863 2643 966 2727 Syon.
1000 2644 1231 2708 Protraxeraut
1250 2662 1311 2708 au-
1414 2695 1426 2713 .

139 2759 208 2814 tem
231 2750 367 2812 Fratres
389 2745 544 2813 Officium
564 2756 696 2833 propter
716 2765 793 2830 uos,
814 2755 850 2809 ut
871 2757 905 2810 et
924 2765 985 2822 uos
1006 2749 1238 2810 interessemus
1259 2746 1312 2809 ‹lt-

139 2855 230 2918 vlnis
250 2853 316 2916 ltuc
336 2851 400 2916 dia
431 2851 548 2919 Officio
570 2863 677 2915 autem
699 2849 790 2914 linito
812 2850 946 2935 quilibet
967 2850 1009 2914 ad
1031 2863 1127 2914 suurn
1148 2851 1253 2914 lucum
1274 2867 1313 2914 se

102 2989 104 2994 ·
138 2957 280 3024 muralia
299 2955 342 3022 ad
361 2956 552 3022 sumendum
575 2958 693 3025 cibum.
763 3031 767 3038 ‚

183 3207 382 3284 Tractalus
404 3202 451 3279 de
476 3203 658 3321 descensu
682 3199 953 3305 peregrinorum
979 3169 1259 3326 eleerdonenr.

223 3386 364 3454 l’randio
384 3392 515 3469 mrauto
542 3383 685 3450 auditum
707 3383 769 3456 luit
789 3401 816 3474 a
841 3385 1038 3470 peregrinis,
1066 3382 1152 3468 quod
1184 3383 1311 3468 patruni
1346 3365 1363 3389 “

121 3491 540 3582 'galearumtllsponercut
560 3505 599 3552 ae
626 3489 668 3553 atl
697 3489 922 3554 reducendum·
947 3489 1138 3573 peregrinos
1160 3487 1210 3550 ad.
1223 3503 1311 3550 mare

139 3605 176 3664 ln
200 3596 464 3684 galatim-qnasi·
478 3592 697 3678 peregrinatio
724 3594 791 3677 jam
814 3603 904 3659 esset
923 3595 1024 3658 linita.
1053 3591 1310 3686 vStatirnautom

140 3702 289 3768 intellexi
309 3701 516 3784 mutim,
546 3698 621 3782 quia
651 3701 795 3781 practica
815 3707 1021 3791 pascuorum
1050 3704 1157 3778 osset,
1187 3714 1230 3760 ne
1249 3712 1311 3766 nos

141 3808 181 3872 ed
201 3806 379 3872 Jordauem
410 3803 574 3865 ducerent
617 3801 755 3886 Semper
781 3803 879 3867 enim·
898 3801 1124 3866 difficultatem
1156 3808 1192 3862 et
1212 3799 1311 3877 multa

141 3911 248 3975 media
278 3908 483 3991 excogitant,
514 3907 633 3990 quibus
663 3911 853 3991 peregrines
875 3908 918 3970 ab
949 3907 1014 3970 ista
1046 3905 1312 3988 peregrinatione

140 4015 295 4081 lordonis
315 4019 488 4076 avertant:
519 4009 736 4096 Conpregatis
758 4020 866 4076 autent
893 4011 1044 4076 omuibus
1073 4009 1254 4093 peregrinis
1276 4008 1311 4072 iu

140 4129 249 4185 monte
276 4117 374 4200 Syon
402 4117 615 4180 convenimus
642 4116 686 4180 ad
714 4125 887 4199 patronos,
921 4124 1091 4202 rogantes,
1121 4121 1157 4176 ut
1188 4129 1250 4178 nos
1269 4109 1311 4174 ad

140 4224 317 4288 Jordeuern
336 4221 456 4286 (lucere
474 4239 539 4285 non
567 4230 773 4302 recusarent,
804 4221 993 4305 praecipue,
1030 4229 1102 4288 'cum
1127 4207 1312 4312 contractus

143 4329 371 4397 couventioru's
393 4333 535 4390 naalma
561 4325 630 4390 -hoe
665 4341 822 4411 expressa
864 4327 1030 4390 contiueat
1057 4324 1090 4386 in
1105 4307 1257 4388 leniente
1279 4317 1312 4380 Χ
