3204 5216
735 288 798 354 ua

176 469 385 538 uanam
404 469 533 534 hortum
556 467 693 534 balsarni
711 468 987 551 vennonenses
1017 471 1113 534 citius
1136 471 1212 534 iude
1238 471 1352 536 tollere

175 575 377 659 rhgnarotur,
403 583 435 638 et
456 573 621 656 chaynam
644 573 861 656 introducere,
884 583 917 637 et
936 573 1013 640 iude
1031 576 1142 638 statim
1162 595 1220 657 per
1240 577 1351 642 Nilum

178 683 214 744 ia
235 677 467 744 Alexandriam
488 681 631 762 mittere,
655 697 699 740 ne
720 682 923 761 contingeret
944 696 1005 742 uos
1026 695 1130 742 naves
1148 679 1348 746 Alexandri-

176 803 240 849 nas
260 785 463 848 deVenetiis
484 782 663 867 negligere.
686 783 780 847 llaec
801 786 909 847 omnia
929 785 1025 847 nobis
1046 782 1191 866 promisit
1213 783 1351 850 fideliter

176 909 217 954 se
239 891 415 973 facturum,
451 897 485 952 et
518 888 620 951 multa
639 888 733 970 plura
754 887 891 970 adjecit,
927 890 1045 971 quihus
1067 887 1163 952 valde
1195 889 1352 954 consolati

177 996 309 1058 fuimus.
352 995 404 1056 lie
425 994 489 1057 hoo
517 995 590 1056 viru
612 992 707 1075 plura
737 999 864 1054 restant
898 991 1036 1055 dicenda
1055 1011 1115 1056 suo
1137 994 1225 1076 loco,
1258 996 1350 1076 cujus

177 1119 296 1162 nomeu
317 1106 388 1162 erat
409 1098 678 1182 Tamquardinus.
716 1096 817 1160 Venit
838 1099 924 1160 enim
946 1096 988 1160 ad
1009 1115 1069 1160 uus
1090 1098 1124 1159 in
1145 1100 1351 1163 vestimentis

177 1204 305 1286 ovium,
327 1206 527 1266 intrinsecus
547 1211 656 1266 autem
679 1210 748 1264 orat
770 1201 867 1285 lupus
887 1219 1006 1284 rapax,
1025 1210 1062 1263 ut
1082 1202 1203 1282 patebit
1231 1203 1286 1265 tol.
1308 1202 1351 1268 ⁷0

177 1309 214 1370 Ρ.
237 1309 279 1370 li.
319 1309 439 1371 Habito
461 1325 539 1390 ergo
566 1307 726 1390 colloquio
748 1306 917 1392 nobiseum
939 1306 1096 1387 recessit,
1126 1313 1295 1371 revertens
1316 1309 1350 1371 in

176 1412 377 1495 Aegyptum.
419 1411 501 1473 Post
529 1412 697 1494 prandium
729 1413 940 1475 transivimus
970 1426 1031 1473 nos
1062 1411 1222 1493 peregrini
1254 1412 1351 1475 simul
1449 1451 1453 1456 -

175 1516 219 1580 ad
235 1516 385 1579 balneum
406 1517 480 1579 sive
497 1518 707 1598 aestuarium,
723 1523 758 1578 et
779 1535 852 1578 cum
863 1513 1055 1577 Sarracenis
1077 1515 1217 1578 balneati
1236 1533 1350 1579 sumus

175 1627 212 1684 et
234 1621 299 1684 loti.
343 1622 417 1684 Hoc
437 1621 636 1682 aestuarium
658 1630 726 1683 erat
748 1621 853 1684 simile
874 1619 920 1684 itu·
941 1620 976 1683 in
995 1619 1117 1702 Rama,
1145 1621 1229 1683 sicut
1257 1628 1350 1702 patet

176 1725 234 1789 tot.
268 1727 312 1789 st
343 1726 384 1786 Α.
427 1725 508 1788 Post
540 1724 777 1789 balneationem
805 1726 1000 1788 intravimus
1031 1725 1202 1788 ecdesiam
1245 1726 1350 1790 sancti

177 1829 342 1914 sepulchri
363 1825 470 1906 (115
481 1828 544 1924 A),

177 2045 238 2120 Dc
264 2044 386 2144 quinto
420 2048 589 2148 ingressu
613 2047 887 2149 peregrinorum
918 2046 955 2120 in
998 2046 1195 2122 ecclesiam
1226 2071 1349 2122 resur-

178 2164 355 2239 rectionis
381 2165 531 2243 Domini
569 2167 685 2242 ncstri
708 2166 803 2240 Jcsu
830 2163 972 2241 Christi
998 2177 1036 2240 ct
1060 2167 1097 2239 in
1122 2165 1349 2265 sepulchrum

686 2284 842 2361 Domini.

265 2465 401 2530 Decima
422 2466 491 2548 die,
516 2476 673 2549 quaeest
695 2467 814 2530 festum
833 2466 1002 2529 Laurentii
1023 2464 1192 2549 martyris,
1221 2471 1254 2525 et
1275 2473 1346 2527 erat

179 2568 343 2633 dominica
371 2571 430 2635 xl.
457 2572 626 2633 'rnrdtatis
649 2589 788 2654 vespere
810 2559 1021 2654 praecedeuti
1034 2572 1151 2634 iterum
1173 2567 1350 2631 intromissi

177 2691 294 2736 sumus
321 2672 417 2736 modo
446 2693 546 2758 supra
573 2677 658 2740 dicto
698 2678 733 2738 in
763 2676 935 2739 ecclesiam
965 2674 1165 2739 sanctissimi
1186 2672 1351 2754 sepulchri

178 2778 325 2861 Domini,
352 2786 385 2840 et
405 2789 501 2842 noete
523 2779 643 2842 illaad
664 2781 858 2843 dominicum
890 2781 1095 2863 sepulchrum
1130 2775 1349 2857 vigilavimus,

178 2892 213 2946 et
233 2883 305 2946 loca
325 2891 453 2965 sancta,
474 2893 510 2945 ut
530 2885 638 2967 prius,
661 2885 886 2964 circuivimus,
909 2889 942 2948 et
963 2884 1058 2945 dictis
1079 2881 1244 2943 motutinis
1265 2879 1352 2941 hiis-

178 3005 236 3049 sas
257 2986 504 3070 celebravimus,
521 2995 556 3049 et
578 2997 648 3051 orto
666 2989 737 3051 sole
757 2989 896 3051 Missam
915 2988 949 3049 in
970 2985 1128 3048 dominico
1146 2991 1351 3045 monumento

181 3092 405 3173 cantavimus,
437 3109 503 3173 qua
533 3091 624 3155 linita
644 3111 704 3175 per
724 3093 858 3155 Illauros
884 3091 925 3154 de
955 3090 1074 3172 templo
1103 3087 1199 3169 ejecti
1221 3088 1349 3150 inimum.

178 3193 279 3258 Porro
300 3202 367 3258 tros
385 3195 503 3259 iratres
521 3198 667 3260 hlinores
702 3196 745 3258 de
765 3205 873 3260 marne
896 3195 1007 3279 Syon,
1037 3190 1194 3276 juvenes,
1227 3194 1353 3256 haerent

178 3299 347 3362 uobiscum
368 3299 402 3361 ih
425 3300 564 3364 ecclesia
587 3302 833 3364 resurrectionis
854 3296 999 3381 Domini3
1021 3298 1081 3362 hos
1102 3297 1212 3380 petivi,
1234 3304 1353 3380 quate-

180 3421 244 3467 nus
276 3421 401 3466 mecum
435 3405 468 3466 in
496 3404 615 3467 vallem
654 3404 814 3486 Josaphat
846 3403 1096 3487 descenderent,
1135 3401 1212 3487 quia
1244 3401 1352 3465 adhuc

180 3516 384 3590 manserat,
405 3508 490 3589 quod
511 3507 726 3572 libentissime
748 3509 856 3572 iacere
875 3508 963 3572 velle
985 3507 1157 3590 dixerunt,
1180 3505 1350 3569 dummodo

180 3629 239 3675 eos
273 3610 358 3694 apud
399 3597 525 3694 p'atrem
566 3609 764 3676 Gordianum
810 3629 1001 3676 exornarem
1034 3612 1076 3675 de
1109 3631 1173 3675 non
1215 3621 1352 3695 accepta

178 3715 330 3801 deontia,
353 3715 440 3798 quoii
460 3717 510 3778 eis
530 3717 663 3799 promisi
682 3726 714 3780 et
737 3716 809 3779 ieci.
846 3717 1070 3780 Transivimus
1089 3735 1168 3799 ergo
1188 3735 1246 3798 per
1267 3717 1351 3778 civi-

180 3827 280 3884 tatem
308 3829 341 3882 et
360 3820 394 3882 iu
415 3837 565 3884 cocorum
598 3822 692 3884 vicos
715 3820 959 3903 descendimus,
978 3824 1012 3883 'et
1033 3821 1096 3883 emi
1117 3839 1176 3904 pro
1199 3821 1352 3885 iratribus

178 3923 245 3987 iliis
268 3932 301 3986 et
321 3943 375 3987 me
395 3943 417 3987 a
436 3926 526 3988 cocis
554 3925 620 3990 iilis
652 3924 802 4008 pastillos
838 3927 879 3990 do
913 3927 1004 4008 ovis,
1036 3934 1069 3987 et
1103 3926 1285 4009 placentas,
1318 3935 1352 3989 ot

178 4035 329 4110 pastetas
363 4027 406 4090 de
433 4029 602 4112 carrhas,
635 4037 669 4092 et
690 4037 890 4112 maturam,
923 4038 958 4092 et
978 4019 1171 4114 botros,'et
1198 4031 1296 4116 licus,
1319 4041 1352 4096 et

179 4149 252 4196 aum
275 4131 341 4196 illis
371 4134 624 4212 comesdbilibus
657 4134 886 4199 descendimus
917 4137 951 4199 in
982 4135 1120 4220 vallem,
1152 4147 1185 4200 et
1216 4139 1351 4202 transho

180 4245 322 4300 torrente
342 4239 378 4300 in
399 4235 605 4302 Gdhsamiui
637 4239 769 4321 praedio
803 4239 864 4304 sut
894 4239 990 4304 olivis
1009 4242 1044 4304 in
1065 4245 1178 4305 umbra
1199 4241 1352 4305 consedi-

181 4357 256 4404 mus
277 4349 311 4404 et
324 4339 442 4406 laetum
457 4343 657 4426 jentaculum
671 4343 766 4409 sinat
778 4346 963 4428 mnrium,
974 4354 1051 4428 potu
1062 4347 1352 4426 tarnencaruimus,
