3132 5206
825 219 871 287 60

260 405 367 476 ,oerutt
383 421 487 487 rusque
509 402 548 467 ad
568 410 713 484 tempora
737 398 888 464 Helisaei
908 402 1096 484 prophetae,
1119 401 1178 485 qui
1198 401 1319 466 iontem
1350 401 1435 464 satis
1561 451 1565 497 3

265 525 408 570 amanam
431 505 627 588 dulcoravit,
654 515 688 568 ut
716 506 840 586 patebit
869 504 923 568 tot.
946 503 969 566 ⁷
992 502 1030 566 Α.
1073 506 1168 568 Haec
1192 504 1310 568 civitas
1331 506 1435 586 prima
1551 525 1555 532 ·

265 613 336 693 luit,
357 629 454 694 quarn
474 609 532 674 lilii
552 610 655 674 lsrael
676 608 812 671 transito
825 607 970 670 Jordanc
987 617 1152 692 ceperunt,
1176 617 1209 671 et
1220 608 1319 670 multa
1333 610 1436 684 mira-,-

259 715 340 780 bilia
360 717 394 779 in
416 714 488 796 ejus
509 715 659 797 captione
676 713 902 796 contigerunt,
924 719 959 772 ut
981 718 1071 791 patet
1091 711 1215 774 Josuue
1236 713 1295 776 vt.
1339 714 1436 774 Hanc
1547 710 1549 720 '

263 820 367 883 Josua
389 817 532 882 funditus
554 819 671 881 evertit
704 825 737 880 et
758 814 1015 879 maledictionem
1045 816 1242 900 imprecatus
1264 825 1436 898 estsuper
1551 875 1554 879 ,

120 909 129 930 ’
262 924 508 1006 primogenitum
538 920 638 984 llliurn
668 929 702 983 et
722 938 822 1004 super
852 921 1067 984 novissimum
1089 938 1160 983 eam
1185 918 1434 983 reaedificantis.

137 1046 142 1055 ·
263 1026 358 1091 Unde
377 1036 452 1109 post
472 1024 572 1088 multa
595 1042 751 1088 annorum
780 1024 939 1089 curricma
970 1022 1119 1107 quidam,
1150 1022 1256 1087 dictus
1287 1021 1363 1084 Aiel
1392 1022 1435 1086 de
1532 1005 1558 1068 -’

265 1130 398 1213 lietbel,
420 1148 493 1193 curn
513 1147 585 1192 eam
607 1127 832 1194 reaedificaret
852 1139 884 1192 et
907 1128 1118 1192 fundamenta
1134 1125 1268 1210 jaceret,
1291 1134 1435 1190 mortuus

259 1244 315 1298 ost
335 1234 492 1317 Abyram,
514 1233 749 1315 primogenitus
772 1233 855 1315 eJus,
876 1241 911 1296 et
932 1250 1007 1299 cunr
1025 1241 1137 1315 portas
1163 1232 1321 1314 muniret,
1345 1249 1434 1293 mor·
1550 1224 1553 1235 ’

264 1350 338 1403 tuus
368 1339 426 1402 luit
446 1336 576 1420 Segnb,
598 1336 797 1400 novissimus
818 1336 909 1400 lilius
934 1337 1020 1418 ejus,
1045 1338 1141 1419 juxta
1166 1336 1434 1420 imprecationem
1549 1322 1553 1356 ²

263 1445 396 1525 Josuae,
418 1440 537 1504 ibidem
560 1439 600 1508 C.
621 1440 653 1510 li.
676 1449 708 1502 et
722 1438 759 1504 ‘b
782 1439 865 1523 neg.
889 1440 940 1503 16.
983 1442 1076 1503 Haeo
1097 1439 1216 1503 civitas
1242 1439 1303 1503 luit
1330 1439 1434 1520 primo

264 1566 322 1631 per
349 1546 485 1609 Josuam
526 1542 709 1628 destructa-5
753 1543 896 1606 secundo
933 1562 992 1627 por
1022 1543 1210 1624 Romanos,
1245 1543 1342 1605 tertio
1374 1557 1435 1623 per

263 1651 409 1713 Tataros.
455 1648 497 1710 Et
518 1645 646 1710 demum
668 1665 727 1729 per
760 1645 858 1728 alios,
887 1647 933 1710 ita
963 1647 1049 1732 quod
1070 1646 1166 1710 bodie
1187 1655 1239 1710 est
1262 1646 1342 1710 villa
1361 1647 1434 1706 sine
1550 1630 1554 1671 ⁵

265 1754 384 1836 muris,
415 1753 487 1814 siue
521 1750 655 1814 fosetis
662 1794 673 1833 ,
702 1758 737 1813 et
769 1767 943 1831 paucarum
976 1751 1219 1814 habitationum.
1275 1750 1434 1812 Homines
1562 1748 1566 1755 ”

264 1858 351 1922 illius
372 1857 472 1922 villae
493 1863 569 1917 suut
593 1854 678 1918 tusci
700 1864 732 1917 et
755 1853 866 1937 fortes,
890 1864 923 1917 et
943 1854 1096 1918 mulieres
1120 1862 1196 1916 suut
1216 1854 1262 1916 ibi
1283 1854 1435 1916 robustae
1553 1929 1556 1939 Ι

257 1972 300 2027 ¹ut
313 1962 435 2044 roatici,
457 1961 514 2042 itu,
535 1958 621 2040 quod
633 1960 690 2022 vix
707 1966 816 2042 potest
829 1957 970 2022 discerni
985 1959 1185 2022 intervirum
1200 1967 1233 2021 et
1249 1957 1431 2024 leeminnur.

330 2212 391 2287 De
414 2210 530 2286 hortis
555 2207 818 2283 amoenissimis
841 2205 992 2284 Jeriobo
1018 2208 1128 2285 etde
1153 2207 1249 2284 rosis
1274 2211 1367 2307 ejus.

344 2387 396 2450 lle
414 2388 546 2451 Jeriobo
568 2398 676 2451 autern
698 2389 828 2470 egressi
848 2406 961 2452 sumus
988 2398 1020 2452 et
1040 2389 1124 2453 male
1140 2388 1291 2452 ductores
1304 2393 1432 2447 nostros
1490 2365 1496 2372 ’

170 2500 182 2561 ’,
267 2494 470 2574 respeximus
490 2500 620 2574 propter
640 2494 845 2556 vexationem
867 2493 961 2556 nobis
984 2493 1121 2576 iactam,
1142 2495 1218 2575 quia
1240 2489 1433 2572 suspicaba-

267 2615 347 2679 mur,
369 2595 456 2680 quod
480 2615 522 2659 ex
542 2599 686 2678 practica
706 2615 815 2658 eorum
835 2597 930 2660 nobis
952 2599 1152 2680 contigisset,
1175 2608 1208 2660 et
1227 2594 1433 2678 impatientes

168 2689 187 2710 ”“
266 2718 395 2764 eramus
416 2720 474 2783 pro
492 2699 627 2784 jejunio,
650 2702 727 2784 qnia
749 2698 909 2762 dominica
929 2700 1106 2784 disserat,
1135 2709 1168 2764 ct
1188 2700 1267 2764 nibil
1293 2694 1432 2762 maudu-
1562 2790 1565 2796 .

267 2803 403 2867 crudum
424 2805 635 2890 babebamns,
658 2815 691 2868 at
710 2806 743 2867 in
764 2804 876 2868 labore
896 2813 930 2867 et
955 2806 1063 2869 calore
1086 2823 1223 2869 eramus.
1265 2801 1432 2866 Promise-

132 2950 140 2965 ·
267 2916 342 2973 runt
368 2909 452 2972 euim
473 2909 587 2994 uobis,
618 2909 703 2991 quod
725 2907 912 2984 indericbo
940 2927 1058 2992 panem
1084 2919 1117 2972 et
1137 2926 1253 2992 aquarn
1274 2903 1432 2990 reperturi

266 3028 416 3083 essemus
444 3018 476 3071 et
497 3012 637 3092 quietem
658 3012 806 3076 babituri.
859 3012 943 3077 Cum
964 3013 1124 3077 vidissent
1144 3022 1252 3076 autem
1273 3029 1333 3074 nes
1360 3019 1431 3072 tur·

13 3083 26 3173 Ϊ.
146 3159 151 3176 .
268 3116 371 3195 batos,
393 3111 520 3176 blandis
542 3114 651 3178 verbis
673 3133 734 3179 nos
755 3117 1019 3201 consolabantur,
1041 3135 1119 3199 nos,
1139 3117 1303 3198 dicentes,
1322 3113 1431 3178 statim

267 3217 396 3279 venturi
417 3233 565 3279 essemus
585 3217 625 3280 ad
648 3219 767 3281 iontem
798 3220 925 3301 bonum,
947 3231 981 3284 et
1001 3223 1143 3305 pistores
1161 3220 1202 3284 de
1217 3221 1348 3284 Jeriobo
1369 3231 1431 3280 noa

267 3329 480 3403 sequerentur
507 3338 580 3383 cum
609 3323 755 3404 panibus.
799 3325 912 3407 ltaque
941 3325 982 3388 de
1000 3325 1132 3389 Jeriobo
1164 3326 1290 3407 egressi
1320 3331 1433 3386 contra

269 3431 423 3486 montana
443 3422 671 3501 Quarentuuae
692 3430 915 3508 processimus
933 3440 966 3493 et
985 3447 1045 3513 per
1075 3431 1235 3494 macerias
1265 3428 1431 3490 hortorum
1562 3475 1563 3480 ι

268 3527 400 3592 Jeriobo
421 3538 537 3592 euntes
557 3531 771 3616 pulcherrima
791 3532 946 3598 viridaria
965 3533 1116 3617 vidimus,
1146 3551 1231 3617 quae
1257 3534 1431 3614 irrigantur

268 3632 361 3714 aquis
383 3634 650 3698 venientibusde
680 3636 769 3699 fonte
788 3637 956 3721 Helisaei,
978 3637 1020 3701 dc
1040 3657 1104 3722 quo
1128 3655 1189 3702 suo
1221 3638 1293 3700 loco
1314 3635 1429 3710 dicam·

268 3736 305 3797 ln
327 3733 377 3798 bis
398 3736 500 3799 bortis
520 3737 661 3802 vidimus
683 3740 802 3804 rnnltas
823 3743 1009 3824 sicomorus,
1040 3743 1173 3807 arbores
1203 3757 1366 3826 proceras,
1396 3741 1430 3800 in

172 3833 210 3940 ὀ
267 3855 401 3920 quarum
432 3850 569 3922 aspectu
609 3843 767 3906 recordati
800 3863 914 3909 sumus
947 3845 1035 3911 illius
1064 3848 1231 3930 sicomori,
1265 3847 1298 3908 in
1333 3860 1430 3928 quum

267 3939 413 4004 ascendit
434 3941 626 4029 Zachaeus,
656 3953 694 4008 ut
715 3947 841 4010 videret
857 3947 983 4033 Jesum,
1005 3950 1117 4014 huone
1138 3951 1228 4014 XIX.
1270 3947 1433 4011 Crescunt

264 4043 362 4107 etiam
382 4044 427 4110 ibi
448 4044 532 4110 aliae
552 4050 686 4116 arbores
708 4049 894 4115 fructiferae
915 4059 949 4116 et
971 4057 1166 4120 aromaticae
1185 4053 1288 4134 vites,
1321 4061 1356 4116 et
1376 4051 1430 4114 lici

265 4148 384 4210 multae
404 4165 478 4211 cum
496 4147 695 4215 dulcissimis
719 4154 896 4238 fructibus,
928 4157 1061 4240 insuper
1080 4158 1282 4233 diversorum
1314 4157 1430 4220 tiorum

264 4258 299 4316 et
326 4253 488 4320 undarum
515 4268 661 4320 rosarum
682 4257 727 4322 ibi
763 4257 905 4325 vidimus
924 4262 1073 4343 specim,
1102 4273 1135 4326 et
1155 4259 1365 4327 delectabiles
1398 4267 1430 4321 et
1560 4351 1561 4356 Ἰ
