3202 5218
806 304 871 370 bid

250 489 442 574 abjiciebant
467 483 564 555 nebia
587 498 686 570 utres,
704 502 787 570 quea
815 503 900 570 aqua
929 488 1189 570 septenam,
1216 501 1298 567 ques
1319 500 1382 546 ries
1406 503 1430 544 e

211 584 219 600 ⁸
251 596 410 660 euntrarie
432 594 633 676 reposuimus
655 601 688 654 et
709 592 772 673 ipsi
793 593 909 656 iterum
938 592 1125 674 rejiciebant
1145 601 1179 656 et
1201 593 1324 674 absque
1345 609 1427 672 per-

251 699 457 764 cussionibus
484 698 626 779 pessime
654 713 715 770 nes
744 697 882 758 invicem
919 697 1130 760 tractavimus
1165 695 1430 762 iracundissimus

251 805 410 888 gestibus.
460 800 515 864 Ad
543 800 690 866 ultimum
719 810 879 865 verterunt
907 800 1007 884 aliqui
1028 802 1176 885 Arabes,
1204 803 1260 884 qui
1290 816 1350 863 uns
1379 799 1430 862 ita

252 907 540 994 concordaverunt,
563 914 598 968 ut
617 921 736 968 nevam
758 904 938 968 mercedem
960 926 1019 989 pre
1040 907 1114 970 istie
1136 907 1259 970 utribus
1280 902 1428 968 ferendis

253 1009 616 1090 camelariisdaremus
650 1009 691 1072 Et
712 1010 759 1073 ita
782 1011 921 1075 iacimus
942 1019 986 1094 et,
1006 1013 1035 1074 si
1057 1013 1098 1076 ab
1120 1013 1212 1074 initie
1233 1011 1296 1074 bec
1317 1009 1430 1072 iacere

253 1119 483 1197 voluissemus,
507 1115 631 1179 nullum
654 1114 792 1196 litigium
814 1114 932 1179 inisset
952 1123 1110 1180 mertum.
1153 1114 1297 1178 'l'andem
1317 1121 1428 1176 autem

254 1223 398 1290 erueretis
409 1220 548 1290 cnmeiia
563 1235 584 1282 a
598 1221 792 1282 munasterio
814 1220 1020 1284 recessimus.
1049 1217 1200 1284 Cucurrit
1213 1228 1319 1282 autem
1341 1235 1430 1280 unus

256 1327 366 1392 Arabe
395 1332 471 1409 pest
492 1341 553 1387 uus
578 1332 711 1405 perteus
733 1341 831 1386 unum
854 1324 1007 1388 lectulum
1033 1333 1066 1386 et
1090 1324 1252 1406 quandam
1273 1332 1428 1406 sportam,

257 1450 353 1516 quam
376 1430 478 1492 noant
500 1428 663 1492 camelarii
685 1425 726 1492 de
746 1427 906 1493 industria
921 1429 1126 1511 reliquerant,
1139 1437 1173 1492 et
1188 1429 1234 1492 ita
1255 1421 1431 1508 iiic'pere-

257 1537 388 1619 grimm,
415 1531 509 1613 cajus
531 1542 601 1596 erat
629 1531 784 1614 lectulus,
812 1533 842 1595 si
874 1532 1135 1613 babere-vuinit,
1164 1549 1238 1596 cum
1259 1531 1431 1615 cpertcbat

226 1633 229 1640 ’
260 1657 367 1704 emere
388 1637 429 1700 ab
439 1624 550 1699 Arabe
571 1644 614 1719 et,
629 1645 799 1717 postquam
822 1629 976 1700 lectulum
993 1637 1131 1719 acecpit,
1153 1630 1347 1700 camelarius
1367 1653 1432 1698 ue-

262 1742 322 1808 lait
339 1759 412 1804 cum
433 1756 533 1821 super
553 1739 710 1802 minelum
731 1757 854 1822 peuere
876 1741 1164 1805 nisidatisncvis
1195 1739 1346 1803 denariis.
1368 1739 1434 1818 rte

264 1849 311 1913 ita
330 1847 413 1910 bene
425 1845 538 1908 vexati
551 1845 780 1908 amenasterie
798 1844 940 1927 elongati
954 1863 1068 1910 sumus
1086 1847 1201 1908 euntes
1215 1862 1273 1926 per
1297 1842 1431 1922 vallem,

264 1971 323 2036 per
343 1968 438 2032 quem
460 1948 664 2029 intravimus,
682 1965 788 2032 usqua
808 1947 978 2014 invallem
999 1949 1167 2033 grandem,
1184 1946 1310 2011 ubiblii
1332 1945 1437 2010 iarael

265 2055 400 2120 vitulum
423 2051 639 2117 adoraverunt
660 2060 692 2115 ct
716 2061 854 2136 quatuor
868 2054 966 2118 heras
981 2054 1069 2117 lente
1085 2053 1188 2137 gradu
1201 2053 1433 2134 processimus.

264 2162 304 2226 in
326 2175 464 2241 vespera
485 2166 592 2221 autem
614 2157 755 2220 tenteris
782 2157 912 2222 liumus
932 2159 966 2221 iu
991 2158 1080 2240 lecu,
1109 2176 1207 2241 quem
1228 2139 1439 2220 nominabant

268 2264 396 2328 Arabes
418 2260 585 2346 Wacbya,
608 2269 642 2324 et
663 2250 843 2346 difficulter
863 2271 1028 2326 armenta
1054 2281 1113 2344 pre
1134 2263 1210 2345 igne
1228 2260 1269 2324 ad
1290 2278 1439 2342 aequen-

267 2368 344 2432 dnm
366 2347 456 2429 cibes
481 2365 628 2429 invenire
649 2374 843 2447 peteremus.
873 2367 924 2429 liii
944 2376 1052 2430 autem
1065 2367 1193 2430 Arabes
1208 2383 1282 2430 cum
1303 2363 1440 2442 mmetia

264 2473 394 2536 -iruetus
418 2469 618 2550 portantibus
639 2468 831 2534 lceavantnt
854 2471 1142 2535 sna-tabernacula
1163 2472 1197 2534 in
1212 2467 1319 2534 medie
1333 2469 1441 2532 nestri

270 2585 304 2642 st
324 2575 370 2640 ita
388 2579 514 2636 nectem
536 2572 623 2637 iliam
646 2571 849 2638 deduximus.

749 2806 963 2885 Processus.

356 2971 711 3073 niexxvt11.,'qua0
739 2997 807 3054 eru
835 2988 995 3056 mmmm
1015 2991 1138 3054 xvnr.
1160 2999 1235 3073 poa
1262 2989 1444 3071 nuntiam,

273 3096 377 3159 tribus
411 3093 499 3156 beris
535 3104 612 3156 ante
631 3093 759 3162 -lucaur
796 3095 1008 3159 surreximus·
1028 3103 1061 3158 et
1089 3097 1232 3160 caeratis
1258 3093 1394 3157 cameba
1424 3111 1446 3155 a

273 3198 450 3278 Wacbyae
470 3194 541 3259 loce
564 3201 760 3266 recessimus
781 3217 840 3280 per
861 3209 985 3262 arctum
1004 3199 1094 3262 illum
1114 3200 1294 3280 intmitum,
1316 3197 1359 3261 de
1379 3214 1447 3280 qen

175 3383 178 3391 1
272 3318 374 3383 supra
398 3298 466 3362 dixi
485 3298 612 3380 solua,
627 3309 663 3364 at
678 3300 795 3364 sitiera
816 3311 969 3366 montana
981 3301 1084 3385 synai
1097 3289 1401 3386 postergavimus'et
1412 3303 1447 3370 in

272 3404 478 3483 arsenarum,
501 3402 555 3466 ubi
576 3404 713 3487 Moyses
735 3422 817 3468 evea
837 3406 954 3481 Jettue
975 3408 1146 3489 pascebat,
1169 3409 1364 3470 reveuimus.
1406 3406 1446 3466 ln

274 3507 387 3572 eadem
409 3504 580 3570 latitudine
596 3507 777 3572 dimisimus
790 3508 1110 3594 viam(681s)per
1131 3529 1228 3594 quam
1253 3509 1447 3573 intravimus

273 3613 308 3678 in
328 3613 479 3695 ingressu
497 3620 621 3688 nestro,
639 3611 680 3676 ad
697 3612 842 3678 dextram
860 3621 893 3676 et
913 3614 955 3677 ad
977 3614 1063 3678 tatus
1084 3615 1251 3704 sinistrum
1265 3617 1299 3676 in
1320 3621 1449 3677 terreu-

275 3725 341 3786 tem
375 3716 498 3782 invium
531 3716 780 3803 descendimus,
802 3709 867 3802 ¹qui
892 3727 1001 3804 teman
1033 3718 1233 3782 delectabilis
1256 3723 1338 3798 erat,
1366 3716 1445 3798 quia

274 3821 391 3904 plenus
414 3822 547 3902 myricis
568 3832 601 3887 et
621 3824 774 3908 virgultis
793 3825 920 3908 stabat,
948 3826 1034 3888 inter
1061 3841 1146 3908 quas
1171 3823 1256 3886 asini
1277 3831 1310 3885 et
1330 3819 1449 3884 carnali

275 3926 484 3988 transeuntes
520 3924 562 3988 de
589 3927 788 4008 ramusculis
815 3928 892 3994 iulia
923 3938 957 3992 et
988 3929 1129 3991 virorem
1149 3926 1385 4008 decerpebant
1416 3933 1451 3988 st

166 4045 170 4052 ’
274 4027 525 4110 manducabant,
546 4033 764 4096 nes'virerem
785 4039 810 4094 a'
830 4031 918 4096 iuliis
938 4033 1096 4115 suximus,
1118 4033 1196 4115 quia
1216 4039 1252 4094 ut
1272 4030 1450 4092 ruckeru-

276 4143 309 4198 at
321 4133 384 4197 mel
393 4132 706 4217 dulciserat,deque
717 4153 834 4198 manna
844 4135 922 4200 iilud
932 4153 1121 4220 saperem
1128 4137 1173 4200 dt.
1183 4135 1281 4200 Circa
1287 4115 1452 4197 meridiem

276 4238 319 4304 de
328 4238 382 4304 iile
394 4247 536 4304 terrente
545 4237 751 4304 ascettdiuus
759 4240 795 4302 in
805 4240 934 4324 vallem,
942 4243 999 4304 ubi
1011 4259 1084 4306 mm
1092 4239 1256 4324 Arabibus
1267 4237 1454 4304 munierum

275 4344 445 4412 babuimus
461 4345 495 4410 iu
510 4341 563 4408 die
574 4343 660 4408 beati
670 4344 839 4429 Matthaei,
853 4345 1040 4454 dialectava
1053 4347 1096 4409 ab
1113 4345 1177 4410 iiia.
1194 4341 1456 4408 Transeuntibua
