3212 5206
264 431 330 496 rtis
368 432 454 496 visis
483 431 528 494 de
567 430 708 496 weiesia
742 434 869 516 sgreni
885 483 889 492 .
906 447 1019 508 sumus
1061 443 1095 498 et
1127 436 1347 504 mamonis

173 544 284 602 nostra
315 537 565 600 reassumimus
586 544 621 601 et
643 535 684 600 ud
707 535 795 601 intus
819 536 967 620 erpellere
986 537 1150 627 pendulum
1172 540 1345 608 doeoendi-

164 659 239 706 mus
261 638 304 704 ad
342 641 408 704 XV
430 657 550 724 passus
571 648 603 703 et
625 641 813 724 speluncam
835 639 876 704 de
897 643 1159 726 superpendente
1179 655 1271 729 petra
1291 649 1346 712 in·

167 747 275 828 gressi
295 763 418 809 sumus
441 744 479 808 lu
500 762 541 807 es
563 751 671 808 autem
690 746 844 828 prostrati
866 748 1028 811 orationes
1058 748 1217 814 solvimus
1236 761 1270 814 et
1290 753 1344 814 in·

171 849 435 933 dulgentiasst)
452 848 648 930 accepimns.
672 849 709 910 in
737 847 913 932 buuspeou
929 853 1047 916 mansit
1067 853 1197 938 Muyes,
1217 854 1344 938 quundo

165 973 237 1018 uun
258 955 368 1018 uriuit
404 952 564 1019 Dominus
594 951 790 1036 uolioqnium
819 971 892 1018 euru
915 974 973 1038 eu,
1005 965 1037 1018 et
1066 957 1100 1018 in
1121 976 1161 1020 eu
1177 957 1344 1040 jejunavit

166 1060 211 1124 4⁰
232 1059 346 1123 diebus
368 1067 400 1122 et
421 1057 465 1122 40
485 1057 645 1140 noetibns,
667 1067 702 1121 ut
721 1058 826 1142 legem
838 1060 972 1122 Domini
993 1071 1169 1125 mereretur
1185 1064 1341 1145 adripere.

168 1165 232 1226 Est
254 1172 360 1226 autem
388 1162 546 1248 spelunea
567 1162 635 1225 lete
666 1169 701 1224 et
722 1181 856 1246 magua,
878 1182 942 1227 nun
962 1163 1050 1229 eliud
1070 1167 1183 1230 tamen
1206 1165 1284 1244 (46
1296 1169 1340 1252 ο)

170 1269 307 1350 babens,
329 1269 392 1331 nisi
413 1264 499 1352 quud
520 1283 581 1349 por
600 1265 707 1330 iueum
728 1268 877 1332 introitus
899 1272 1070 1353 spargitur.
1113 1271 1211 1334 Esset
1233 1281 1339 1336 autem

169 1374 252 1436 satis
280 1371 520 1436 commodosum
555 1370 770 1435 habitaculum
795 1391 861 1455 ,pro
887 1373 1137 1456 uontsmpiativo
1171 1376 1337 1440 munaebo.

170 1479 223 1540 Ex
244 1481 394 1560 oppositu
413 1475 589 1560 speinueae
602 1485 653 1540 est
674 1475 815 1564 altitudo·
831 1476 1000 1561 quaedem,
1022 1481 1055 1540 in
1076 1497 1140 1562 qna
1161 1478 1337 1548 sediiieata

169 1591 221 1644 est
242 1601 307 1644 una
322 1583 485 1665 mnsuhsa,
507 1581 647 1646 eeeiesia
664 1583 879 1663 amoenius,
897 1579 992 1663 juxta
1009 1599 1106 1666 quam
1123 1583 1233 1666 piures
1253 1581 1336 1646 Sar·

171 1687 281 1748 raeeni
302 1685 469 1768 sedebunt,
490 1688 546 1770 qni
564 1687 660 1749 etism
682 1685 725 1749 ad
753 1685 948 1749 visitandum
984 1685 1088 1750 ionum
1110 1695 1257 1750 mnotnm
1280 1704 1339 1750 as·

171 1787 355 1853 uenderent.
383 1790 468 1854 Nam
480 1785 619 1874 Arabes,
641 1789 808 1873 Aegyptii,
819 1789 1001 1874 Serraesni,
1018 1791 1127 1872 Turni,
1149 1789 1191 1854 de
1208 1790 1339 1880 longin-¹

164 1896 244 1978 quis
273 1894 388 1958 mnudi¹
402 1895 548 1978 partibus
569 1892 610 1956 ad
629 1895 716 1958 buno
737 1895 841 1958 iocum
854 1895 1099 1977 peregrinantur
1120 1896 1160 1957 ob
1181 1913 1338 1958 reveren·

172 2000 248 2062 tium
263 2000 401 2082 Moysis.
445 1999 573 2063 Demtis
583 1999 667 2061 enim
684 1995 821 2061 iudaeis
842 1997 884 2061 de
898 1993 1049 2064 omnibus¹
1061 1997 1171 2064 rnuudi
1192 1999 1337 2082 pertibus

163 2104 230 2167 bno
250 2105 414 2168 eoufluuut
435 2104 582 2167 homiues
603 2101 644 2165 de
664 2103 751 2166 omui
772 2103 837 2166 ritu
861 2112 894 2167 et
914 2113 1022 2187 seets;
1043 2103 1162 2166 iudaei
1183 2102 1246 2166 soii
1267 2120 1333 2166 nou

161 2218 298 2292 possunt
319 2207 506 2291 meendsre,
529 2216 562 2271 et
583 2206 613 2269 si
630 2215 775 2290 possent,
795 2207 936 2290 gentitus
959 2225 1016 2271 eos
1033 2227 1097 2271 non
1116 2206 1331 2289 admitterent,

160 2315 225 2378 iruu
248 2313 425 2379 Christiani
446 2329 505 2376 eos
525 2329 636 2374 senum
658 2320 789 2376 orentes
810 2330 875 2375 non
895 2314 1103 2376 sustinerent.

245 2421 383 2502 Insuper
408 2415 543 2500 grandis
569 2417 603 2478 in
626 2424 734 2479 monte
760 2423 815 2478 est
835 2418 994 2496 cisterna,
1025 2416 1140 2480 bonam
1161 2417 1333 2480 eontinena

161 2541 279 2609 aquam
297 2533 331 2587 et
348 2522 495 2606 frigidam
512 2531 609 2602 utque
631 2537 755 2602 sanem,
777 2518 817 2582 de
836 2537 930 2604 quam
954 2528 1060 2583 tamen
1081 2539 1198 2605 equam
1215 2522 1335 2586 babere

165 2649 231 2692 nun
254 2629 426 2712 potuimus,
448 2627 534 2709 quia,
556 2627 588 2688 in
612 2642 676 2707 qno
696 2624 907 2707 hauriremus,
924 2642 987 2686 uun
1009 2625 1195 2710 habuimus,
1219 2637 1250 2688 et
1273 2645 1336 2708 pu-

166 2741 244 2797 teus
264 2731 360 2796 vaide
391 2730 477 2794 uitus
508 2731 606 2810 (est.)
648 2727 779 2808 Dieunt,
799 2728 884 2792 bane
905 2731 1077 2792 cisternam
1099 2746 1175 2792 esse
1194 2730 1334 2813 Moysis,

164 2835 206 2900 de
227 2855 291 2919 qua
312 2837 409 2918 bibit;
430 2835 517 2919 quod
540 2851 605 2898 nou
630 2839 788 2896 ounsonat
808 2831 1006 2916 Scripturas,
1027 2851 1110 2917 quae
1130 2835 1234 2914 ipsum
1257 2831 1334 2896 dieit

164 2940 211 3006 ibi
228 2939 406 3023 jejunasse
532 3006 537 3020 ¹

250 3042 468 3108 Cirouivimus
492 3039 755 3105 etiustruvimus
776 3045 877 3100 totum
900 3039 1018 3102 montis
1048 3040 1205 3106 vertieern
1227 3048 1267 3102 et,
1280 3039 1334 3102 vi-

168 3148 276 3212 dimus
296 3147 438 3232 grandes
455 3148 565 3210 ruinas
585 3147 788 3228 antiquorum
810 3162 968 3206 murorum
988 3161 1182 3227 pergyrum,
1205 3152 1237 3206 et
1259 3161 1333 3206 ere-

165 3248 263 3332 ditur,
285 3250 405 3316 ibidem
428 3253 532 3316 i’nisse
551 3249 792 3331 monesterium,
815 3247 899 3332 quud
922 3247 1049 3330 quidem
1067 3257 1169 3314 totum
1182 3248 1333 3313 destruc-

162 3363 228 3416 tum
251 3363 302 3418 est
321 3365 449 3440 praeter
465 3355 646 3438 ecetesiam,
666 3354 759 3436 juxta
779 3371 875 3437 quern
896 3370 1026 3438 semper
1044 3353 1250 3418 maneutduo
1264 3355 1332 3420 trs-

159 3459 290 3522 tresde
312 3463 504 3525 monasterio
526 3458 563 3529 S.
590 3455 798 3527 Cntbnrinue.

243 3565 352 3628 Habet
370 3583 463 3630 mons
474 3567 537 3626 iste
556 3563 620 3627 boe
639 3562 814 3645 singulare,
836 3562 922 3645 quod
934 3561 1092 3628 rotundus
1108 3579 1236 3628 surarum
1254 3582 1332 3646 pro·

159 3667 304 3732 tenditur
339 3687 401 3733 nee
422 3669 496 3733 aliis
518 3669 679 3733 montibus
700 3666 933 3751 condependet,
964 3686 1026 3732 neu
1055 3677 1162 3731 temen
1183 3668 1332 3734 omuibus

160 3771 255 3836 aitior
277 3783 338 3857 est,
358 3774 417 3839 sed
434 3777 583 3840 omnibus
601 3771 797 3856 singularior
817 3781 850 3834 et
873 3789 1013 3836 mensu
1035 3771 1204 3838 diiiieiiior.
1247 3771 1332 3836 Sunt

158 3880 246 3940 enim
278 3880 520 3943 amonusterio
546 3880 580 3942 in
608 3878 680 3962 ejus
701 3894 806 3961 nsque
824 3878 1040 3942 summitatem
1060 3879 1188 3942 eiroiter
1207 3888 1332 3961 semma
1420 3941 1435 3968 ·
1576 3831 1580 3897 ἶ

127 4039 130 4048 ⁴
159 3981 260 4046 miliia
280 3985 450 4068 graduum,
472 3983 589 4048 demtis
610 3982 706 4065 iouis,
736 3982 770 4044 in
792 3982 909 4065 quibus
930 3982 1029 4046 ruetis
1039 3984 1192 4067 passibus
1212 3999 1332 4046 aseen-

161 4081 250 4144 dttur
271 4093 304 4147 et
326 4103 390 4149 non
410 4107 470 4173 per
489 4089 620 4172 gradus
664 4087 716 4149 iix
736 4086 792 4150 iilo
813 4095 923 4175 monte
944 4095 996 4150 est
1016 4097 1186 4171 mpemus
1206 4087 1247 4156 ad
1276 4105 1332 4152 re-

159 4185 279 4265 giones
307 4189 419 4269 prueul
444 4191 633 4273 existentes,
654 4189 696 4254 ad
717 4209 799 4275 quas
820 4200 927 4254 temen
948 4190 1066 4256 eiarior
1087 4199 1257 4276 respeetnr
1278 4198 1332 4256 ert

157 4285 199 4351 de
221 4297 327 4352 monto
348 4291 386 4357 S.
408 4290 613 4377 Cithariuae,
633 4293 707 4361 ideo
726 4294 843 4360 ibidem
858 4297 971 4380 loquer
986 4295 1027 4358 de
1048 4295 1114 4360 iiiia
1136 4295 1329 4380 munatius
