3212 5206
867 299 930 367 did

310 481 473 546 meridiem
497 490 530 544 et
551 481 593 542 ab
612 471 682 542 alis'
697 488 790 563 porto
806 479 1033 545 descendimus
1051 482 1088 542 iu
1108 479 1206 542 sliam
1227 477 1413 564 timentem,
1427 482 1485 566 qai

309 589 464 670 vergebat
485 594 598 648 contre
628 587 784 649 orientem
806 601 828 647 a
848 586 992 669 moridie,
1018 603 1078 667 per
1107 601 1204 668 qam
1232 603 1389 668 oquemm
1421 585 1483 648 de-

308 707 423 757 corans
445 691 520 752 dum
552 687 613 773 est,
636 690 748 754 defluit
778 691 812 752 in
833 707 922 752 mere
940 697 1109 753 mortuam.
1153 686 1192 751 st
1216 692 1290 772 quis
1311 707 1370 772 per
1392 688 1481 752 illum

306 787 482 860 ¹torrentem
505 795 720 878 ascendisset,
733 796 845 859 lorsam
866 795 957 858 adli
977 795 1125 860 milliaria
1146 794 1189 858 sd
1209 812 1300 858 mare
1324 802 1482 856 mortuum

309 902 466 983 acuisset,
489 899 574 981 quod
596 917 689 964 suam
709 899 851 982 liugnam
872 900 1050 964 extendite
1068 899 1211 964 Sodoma
1231 915 1336 982 nsque
1353 899 1388 959 iu
1402 895 1483 960 soii-

309 1003 451 1068 tudinem
472 1004 563 1067 benc
592 1004 1059 1087 l’orrotorreusillepetrosus
1068 1002 1503 1088 erat,momesqueutrias·,

312 1127 376 1192 que
397 1109 510 1171 lateris
540 1126 611 1172 cnm
635 1110 737 1192 petris
759 1119 792 1171 ct
815 1111 948 1190 rupibus
967 1119 1057 1173 orant
1078 1110 1247 1191 albissimi,
1266 1124 1306 1170 ac
1325 1109 1356 1169 si
1377 1107 1483 1170 omnis

307 1221 421 1278 esseut
441 1215 518 1276 nive
539 1223 660 1296 operte.
698 1213 831 1276 liirectc
852 1220 960 1277 autem
979 1216 1065 1277 banc
1087 1221 1260 1277 torrentem
1281 1213 1481 1294 transgressi

303 1338 433 1403 samus,
455 1338 517 1383 nec
537 1337 595 1403 per
616 1337 688 1381 eum
711 1317 918 1380 ascendimus
934 1336 997 1381 uec
1018 1317 1256 1398 descendimus,
1278 1316 1339 1380 sed
1358 1319 1398 1380 ab
1416 1335 1480 1380 nuo

310 1425 456 1508 margine
483 1422 711 1486 descendimus
732 1431 765 1485 et
795 1442 854 1504 per
872 1422 969 1486 alium
995 1424 1127 1487 limbum
1149 1423 1365 1488 remeditans.
1395 1421 1480 1484 Dum

308 1539 416 1593 eutem
438 1530 471 1591 in
494 1528 592 1590 altum
616 1528 781 1607 verrimus,
803 1513 841 1589 iu¹
855 1527 936 1610 jugo
956 1528 1122 1610 paululum
1147 1525 1383 1611 processimus,
1404 1523 1480 1605 qai·

309 1653 367 1716 per
381 1634 516 1713 abrupte
531 1631 731 1695 descendere
750 1649 813 1695 nou
828 1636 936 1695 stetim
954 1635 1124 1715 potuimus,
1138 1632 1282 1714 suspiriis
1300 1632 1335 1692 iar
1352 1626 1479 1691 modam

308 1737 450 1801 dentium
472 1737 513 1798 ab
535 1739 679 1801 inferiori
699 1731 874 1822 porrectis3
897 1740 1136 1820 opportunitate
1155 1755 1236 1800 vero
1263 1729 1481 1798 descendendi

226 1829 230 1842 ¹
306 1850 403 1906 nacta
423 1860 481 1924 per
502 1857 603 1923 prona
616 1839 853 1923 descendimus,
868 1851 901 1905 ot
921 1844 955 1906 in
968 1843 1064 1906 aliam
1079 1851 1249 1906 torrentem
1273 1836 1480 1922 proinuduar,

310 1945 390 2028 (82
404 1952 449 2023 tt)
470 1962 635 2024 saxosum,
666 1947 874 2028 asperrimum
904 1955 935 2010 et
958 1949 1089 2029 penitus
1110 1946 1271 2025 sterilem,
1292 1943 1379 2007 omui
1399 1940 1481 2004 viri·

308 2051 410 2117 ditate
428 2058 603 2131 carentem,
625 2049 816 2133 incidimus,
838 2052 894 2133 qui
926 2051 1093 2115 dicebatur
1113 2051 1305 2134 lllagdabee.
1359 2048 1398 2109 lu
1425 2044 1480 2107 illo
1528 2081 1533 2090 ·

307 2163 451 2220 torrente
484 2156 519 2217 iu
549 2153 621 2216 loco
653 2154 790 2236 quodam
824 2157 906 2218 sutis
937 2155 1043 2240 rigido
1073 2156 1242 2238 prostratis
1282 2151 1417 2216 mmelis
1447 2155 1481 2210 et

228 2323 233 2330 ,
308 2260 461 2324 oneribus
482 2255 598 2322 solutis
612 2260 752 2322 tentoria
768 2259 897 2323 {inimus
924 2269 957 2330 et
978 2261 1020 2324 ad
1038 2259 1230 2324 menendum
1249 2257 1294 2320 ibi
1312 2255 1369 2319 illa
1385 2261 1481 2316 nocte

305 2383 365 2427 uos
388 2363 605 2446 disposuimus
640 2371 673 2425 et
702 2364 861 2430 asinarius
888 2374 1018 2428 nostros
1046 2383 1104 2448 pro
1136 2380 1221 2446 aque
1248 2355 1290 2425 ad
1317 2361 1480 2445 quande·

307 2468 457 2550 paludem
479 2469 636 2549 misimus,
652 2485 747 2551 quam
770 2466 920 2532 dieebsut
933 2486 998 2532 uon
1019 2469 1120 2552 longe
1138 2468 1267 2532 distare
1299 2465 1376 2530 Nou
1394 2463 1479 2526 euim
1535 2475 1539 2482 ’

306 2589 379 2634 cnm
400 2567 547 2634 exercitu
567 2580 678 2634 nostro
700 2571 770 2634 ansi
799 2571 918 2635 luimus
939 2575 1076 2637 tentoria
1101 2573 1204 2656 ligere
1221 2571 1317 2654 juxis
1343 2567 1479 2653 paludes

307 2685 364 2738 ant
396 2677 555 2738 cisternas
585 2676 725 2758 deserti,
753 2677 845 2759 quia,
874 2687 910 2740 nt
937 2679 1164 2759 communiter,
1194 2678 1239 2740 ibi
1260 2677 1388 2740 Arabes
1418 2687 1481 2734 sua

308 2779 515 2842 tabernacula
536 2781 658 2864 lignut,
680 2782 797 2865 quibus
819 2782 1004 2845 cohabitare
1037 2790 1108 2845 orat
1135 2799 1247 2865 grave.
1289 2779 1362 2842 lios
1380 2776 1478 2839 etima

306 2903 365 2967 per
386 2891 558 2947 torrentem
581 2904 638 2968 pro
659 2887 832 2947 sarmentis
855 2887 1045 2969 colligendis
1072 2885 1114 2947 ad
1144 2887 1252 2968 ignom
1274 2877 1479 2946 nutriendam

308 2987 447 3070 dispersi
466 3007 590 3070 snmus,
612 3007 782 3072 quousque
804 2991 937 3053 asinarii
958 3009 1032 3054 cum
1052 3008 1137 3073 aque
1160 2991 1321 3063 venirent,
1343 3001 1479 3068 qaorum

307 3091 482 3155 adveutum
516 3111 590 3155 cnm
622 3093 783 3184 desiderio
816 3097 1078 3176 exspectavimus
1115 3101 1246 3179 propter
1276 3108 1393 3176 aquam
1423 3105 1479 3150 ro-

306 3205 432 3258 centcm
455 3206 632 3278 speratam3
656 3197 847 3260 laboriosum
879 3201 966 3260 euim
999 3199 1083 3262 diem
1106 3200 1275 3262 babuimus
1305 3204 1339 3259 et
1369 3193 1479 3258 eslere

305 3300 433 3362 incensi
451 3300 608 3362 sitibundi
635 3317 772 3363 eramus.
817 3301 899 3364 Cum
931 3311 1040 3366 entem
1060 3305 1193 3366 asiumb
1213 3301 1383 3366 venisseut
1404 3315 1478 3362 mur

305 3420 391 3486 aqna
420 3411 455 3464 et
473 3421 545 3465 eam
567 3401 609 3463 do
627 3404 751 3466 utribus
763 3405 796 3466 ia
819 3407 968 3468 utemllla
988 3409 1147 3489 coquinae
1165 3405 1478 3486 transmutemur,

303 3525 368 3570 nou
389 3509 535 3590 apparuit
552 3523 657 3589 uqaae
675 3509 816 3591 species,
840 3508 898 3572 sed
921 3511 1029 3594 potius
1051 3511 1154 3574 tectis
1183 3513 1263 3574 Erat
1283 3513 1371 3574 euim
1391 3527 1478 3592 aqua

170 3648 184 3677 a
304 3611 415 3676 albida
435 3621 467 3675 et
489 3629 601 3676 cresse
633 3621 664 3675 et
690 3614 795 3696 magis
815 3617 972 3698 appetitui
994 3617 1167 3699 contraria,
1187 3632 1282 3700 quem
1303 3615 1370 3698 illa,
1391 3631 1479 3697 quse

304 3716 338 3777 iu
370 3718 494 3779 utribus
524 3724 594 3780 erat
620 3718 800 3780 inveterata
832 3727 865 3781 et
891 3721 994 3797 rubra!
1015 3739 1055 3784 ac
1086 3739 1196 3784 amare
1228 3721 1316 3782 lactc
1347 3728 1479 3801 propter

307 3821 437 3884 corium.
482 3822 679 3904 Accepimus
699 3841 778 3906 ergo
807 3824 892 3889 illam
914 3844 1032 3908 aquam
1060 3824 1197 3887 albidem
1223 3833 1255 3886 et
1286 3824 1378 3887 cibos
1402 3839 1478 3885 com

304 3927 529 4007 succinimus,
551 3929 677 3990 rubram
710 3937 816 3991 entem
845 3937 1011 4011 propotu
1043 3929 1190 3992 bibimus.
1233 3927 1337 3991 Attuli
1369 3935 1477 3990 autem

256 4071 259 4079 -
303 4025 418 4093 Uelino
435 4031 592 4114 cyathum
614 4050 687 4094 cum
708 4050 792 4116 aqua
815 4033 935 4096 albida¹
953 4042 987 4095 et
1008 4032 1106 4096 sbum
1127 4033 1280 4116 cyatlaem
1302 4049 1375 4096 eum
1390 4046 1478 4113 equs

302 4133 398 4195 rubre
419 4135 733 4219 iuterrogauseum,
767 4154 851 4219 quae
881 4139 991 4199 sanim
1012 4145 1102 4200 esset
1135 4136 1176 4201 od
1198 4131 1398 4220 potandqu
1432 4133 1479 4196 Et

302 4237 485 4320 respoudit,
513 4239 600 4321 quod
620 4258 706 4325 aqna
727 4241 800 4303 olba
832 4249 922 4304 esset
947 4240 1033 4305 mala
1060 4249 1094 4303 et
1114 4241 1248 4323 inane,
1268 4241 1364 4304 rubra
1394 4255 1479 4303 vero

300 4359 344 4406 cx
364 4343 451 4438 oeric
470 4351 504 4405 et
525 4352 621 4409 scuta
643 4355 733 4410 esset
753 4363 819 4410 rmu
839 4346 945 4410 solam
967 4363 1033 4410 usu
1053 4345 1158 4424 mals,
1184 4345 1248 4410 sod
1272 4342 1479 4408 mediciuslis
