3212 5206
857 301 922 374 tw

319 502 412 566 uobis
443 492 609 580 apponit,
641 491 676 554 S.
699 489 837 574 Moyses
857 491 988 574 insigne
1015 487 1195 574 prodigium
1229 486 1329 569 vidit,
1362 486 1488 551 seitieet

318 583 426 688 ignem
450 598 562 662 rubum
586 596 824 658 comburentem
856 605 890 658 ot
920 595 992 678 ejus
1015 594 1209 658 viriditatem
1231 601 1263 655 et
1285 591 1396 654 florem
1415 591 1492 655 nut-

319 709 449 772 luteous
470 702 699 784 deposcentem
722 708 755 761 et
777 699 849 782 ejus
879 717 984 762 remos
1015 698 1201 762 trootiieros
1228 696 1316 760 uotto
1343 695 1491 759 iooendio

320 813 557 888 devastantem,
579 805 730 886 quemvis
750 803 878 866 flemme
899 802 996 866 velox
1017 811 1051 865 ot
1071 803 1250 866 vehemens
1271 801 1367 864 nimis
1387 807 1489 864 esset.

405 913 520 976 Stobet
543 915 649 973 eutem
682 910 782 973 robus
811 907 965 970 mirabitis
993 906 1048 970 itte
1079 908 1112 967 to
1135 904 1226 983 loeo,
1257 905 1312 969 ubi
1334 922 1421 968 nouo
1441 914 1492 967 est

322 1017 494 1086 oratorium
525 1015 651 1077 Morino
684 1012 724 1076 nd
758 1011 886 1076 Rubum
909 1012 942 1074 in
964 1011 1073 1094 oepite
1099 1009 1274 1092 eontesioe;
1305 1008 1393 1072 uude
1418 1025 1491 1071 oum

320 1125 384 1189 hoo
403 1123 540 1204 Moyses
571 1118 745 1180 ammireus
776 1117 932 1199 vidisset,
963 1114 1044 1179 dixit
1072 1116 1106 1178 in
1127 1134 1166 1178 se
1187 1116 1275 1198 ipso:
1308 1112 1426 1180 vedum
1455 1121 1489 1175 et

320 1226 440 1291 videbo
462 1223 621 1286 visionem
645 1222 729 1283 heoo
751 1237 917 1303 maguam,
940 1236 1041 1301 quere
1058 1239 1125 1282 non
1156 1218 1360 1281 comburetur
1382 1218 1491 1281 robus.

322 1333 366 1396 Et
386 1331 462 1394 (ium
483 1346 541 1412 per
563 1325 742 1388 districtum
773 1333 921 1408 pergeret
954 1332 985 1386 et
1009 1324 1087 1387 rubo
1102 1322 1353 1387 'flammesoeuti
1374 1339 1501 1404 oppro-

322 1438 508 1519 piuqnoret,
530 1447 666 1493 exorsus
688 1438 740 1492 est
764 1430 794 1492 ei
810 1429 969 1490 Dominus
991 1428 1088 1512 toqui,
1109 1437 1144 1492 ut
1165 1426 1418 1493 hebeturExoii
1434 1425 1493 1490 nt.

407 1538 460 1599 An
483 1555 523 1599 eo
542 1551 621 1615 ergo
643 1532 714 1595 iooo
736 1541 809 1615 post
832 1531 975 1596 eumelos
998 1539 1031 1594 ot
1051 1534 1162 1597 asinos
1182 1538 1297 1596 contin
1327 1539 1495 1593 monoste-

322 1642 403 1705 rium
434 1639 678 1720 properavimus
704 1646 736 1700 et
759 1635 834 1699 doru
868 1635 909 1698 od
932 1637 1088 1721 pluteum,
1117 1645 1201 1720 queo
1230 1645 1282 1699 est
1310 1645 1385 1699 onte
1407 1635 1502 1698 iores.

323 1741 509 1807 monosterii
531 1721 754 1823 venissemus,
776 1743 960 1804 invenimus
982 1744 1026 1806 ibt
1049 1740 1203 1805 sedentes
1224 1721 1347 1804 multos
1365 1741 1493 1803 Ambos

324 1866 413 1911 more
443 1856 682 1928 summotos,
717 1848 772 1930 qui
795 1847 881 1910 inme
902 1857 1042 1930 eogeute
1063 1845 1104 1909 (ie
1126 1844 1345 1929 penetralibus
1373 1843 1494 1908 deserti

325 1949 505 2015 escendunt
537 1950 578 2013 nd
607 1953 835 2016 monesterium
867 1972 925 2034 pro
956 1953 1058 2016 frusto
1086 1953 1181 2034 penis
1211 1949 1386 2034 peximntii.
1440 1946 1497 2010 An

324 2055 437 2120 horum
460 2064 669 2137 oonspeotnm
691 2056 826 2119 muttum
850 2057 1030 2121 conturbati
1054 2057 1188 2137 fuimus,
1218 2057 1370 2118 timentes
1391 2053 1498 2117 tribu·

326 2160 385 2223 leri
417 2169 494 2223 onte
514 2169 626 2243 portes
647 2162 834 2224 monosterii
859 2163 900 2223 nb
922 2164 981 2223 eis.
1024 2160 1251 2224 Asoeudemut
1271 2161 1369 2222 etiem
1404 2155 1498 2220 metiti

196 2271 200 2278 '
326 2265 519 2344 nobiseum,
540 2265 598 2346 ‘qni
620 2264 714 2326 uobis
734 2265 767 2326 iu
791 2263 895 2327 deviis
917 2265 1038 2328 deserti
1059 2264 1283 2328 adhaeserunt.

410 2367 670 2430 Exonerovimus
698 2385 780 2451 ergo
801 2371 925 2432 bestius
957 2379 1086 2435 nostres
1107 2378 1139 2432 et
1160 2387 1286 2432 omnem
1307 2363 1499 2448 supelleeti-

326 2470 389 2532 tem
412 2471 445 2532 io
466 2487 568 2548 ouum,
585 2470 747 2534 cumulum
769 2477 1036 2556 oorrgregevimus
1052 2491 1191 2558 eumque
1211 2471 1498 2547 oiroumstetimns,

327 2592 372 2638 ne
396 2571 516 2656 utquid
551 2583 701 2655 reperent
740 2587 931 2658 praesentes
966 2585 1121 2662 ruptores.
1175 2576 1357 2642 Audientes
1389 2581 1499 2637 eutem

280 2723 289 2734 .
328 2678 446 2742 iratres
467 2676 639 2741 adventum
663 2688 695 2743 ot
717 2684 932 2763 praesentium
966 2692 1109 2747 nostrum
1137 2682 1264 2766 egressi
1300 2687 1377 2744 sunt
1397 2677 1500 2765 ntiqui

331 2791 367 2845 et
387 2783 472 2845 bene
492 2791 709 2866 susceperunt
730 2803 791 2848 uos
811 2795 843 2848 et
861 2785 1015 2868 juverunt
1036 2805 1098 2850 nos
1119 2805 1245 2850 omnem
1263 2781 1500 2868 supelleetilem

328 2887 420 2951 intus
449 2885 490 2950 od
521 2886 625 2950 locum
659 2889 821 2972 hospitum
855 2897 993 2974 portare.
1045 2894 1084 2954 lo
1111 2891 1183 2953 loeo
1214 2890 1376 2972 hospitum
1407 2893 1505 2950 eruut

330 2991 441 3074 plures
468 2990 606 3054 oelluioo
626 2995 755 3058 omniuo
775 3013 918 3078 moure,
937 3003 969 3057 et
990 3013 1047 3077 per
1063 2996 1146 3057 istos
1168 2992 1337 3058 divisimus
1358 3009 1420 3054 uos
1441 3007 1502 3073 per

331 3097 517 3158 sooietntes.
567 3097 645 3159 Eiret
672 3101 767 3161 etiem
792 3099 888 3182 juxto
914 3099 1050 3162 oettules
1072 3116 1137 3162 une
1163 3098 1288 3181 ospello
1312 3097 1502 3161 liutitiorum

213 3289 216 3296 Ι
328 3213 402 3260 oum
423 3197 515 3259 elteri
538 3207 570 3261 et
590 3200 663 3279 ibi,
699 3203 777 3284 quin
810 3201 950 3265 nondum
985 3193 1136 3266 meridies
1168 3203 1335 3286 transivit,
1365 3198 1442 3279 (⁴18
1453 3203 1502 3276 ι)

328 3317 413 3400 nous
435 3299 477 3362 do
498 3303 678 3384 peregrinis
701 3305 832 3368 missum
855 3307 949 3370 nobis
971 3307 1070 3389 tegit,
1103 3325 1199 3389 quom
1221 3325 1297 3370 oum
1323 3305 1505 3369 devotione

329 3401 523 3466 audivimus.
556 3404 637 3468 Post
658 3407 794 3470 Missum
816 3407 906 3490 liguo
926 3407 967 3471 nd
989 3411 1159 3493 eoquinom
1183 3414 1320 3475 emimrm
1343 3429 1363 3472 e
1385 3425 1504 3472 mone·

318 3505 402 3570 onte
424 3514 459 3569 et
479 3505 521 3569 de
541 3508 726 3590 provisione
747 3520 869 3595 nostre,
884 3530 979 3596 quom
1003 3512 1045 3577 de
1069 3521 1157 3578 terre
1177 3523 1292 3580 saneto
1311 3513 1504 3592 toleremus,

328 3611 420 3674 eibos
441 3612 588 3674 ooximns
611 3622 643 3676 et
665 3613 951 3693 nominavimus,
981 3616 1099 3681 deiude
1119 3618 1161 3682 ed
1183 3617 1416 3703 quiesoeudum
1438 3631 1505 3678 nos

328 3713 509 3778 looevirous
528 3723 562 3779 et
582 3719 694 3801 quteto
715 3709 805 3783 fluite
825 3720 858 3782 iu
880 3711 1052 3786 eoelesinm
1081 3722 1116 3785 S.
1143 3721 1340 3790 Gothorioeo
1360 3719 1505 3804 virginis

328 3818 478 3882 venimus
498 3819 540 3882 ed
562 3819 634 3902 ejus
664 3824 869 3906 sepntolrrom
892 3834 924 3888 et
945 3828 1117 3890 oretorium
1150 3827 1188 3892 S.
1210 3830 1336 3891 Memno
1363 3825 1405 3888 ed
1426 3823 1507 3887 ttu-

328 3919 405 3984 bon
426 3931 460 3986 et
481 3921 523 3985 nd
544 3924 609 3987 otis
629 3925 702 3990 tooe
721 3938 836 3992 saneto
859 3930 1087 4014 transivimus,
1108 3931 1151 3995 de
1171 3934 1290 4016 quibus
1310 3933 1343 3994 in
1367 3927 1506 3994 ordine-

331 4025 380 4088 rie
408 4029 619 4108 prooeseioue
645 4031 759 4095 dioem.
802 4033 846 4095 Et
867 4035 918 4098 his
952 4035 1093 4117 ponetis
1120 4038 1298 4101 mansimus
1325 4035 1359 4099 in
1381 4049 1505 4109 mons-

330 4131 432 4192 eterto
452 4130 485 4193 iu
507 4129 589 4196 tonis
610 4151 672 4198 neo
692 4145 787 4219 septo
806 4136 881 4219 ejos
902 4143 1029 4220 egressi
1049 4157 1164 4204 summ
1185 4140 1241 4205 ttto
1261 4139 1325 4204 die.
