3132 5206
701 278 744 344 bb

121 459 211 522 iilius
221 458 325 522 Belial
337 461 465 542 accepit
476 457 566 524 illam
581 460 755 526 eeclesiam
779 468 812 522 et
831 458 1027 524 domiodium
1043 472 1138 548 must
1149 473 1221 524 east
1231 457 1299 524 ,sibi

116 565 304 646 constituit,
315 573 348 626 et
364 581 406 626 ex
417 582 458 626 ea
471 567 605 647 rapinas
620 566 794 654 exercebat
808 571 844 627 et
854 570 1118 647 pertranseuntes
1128 562 1298 645 spatulum

122 667 335 749 singulariter
369 676 479 732 tamen
511 670 661 754 omnibns
681 669 879 734 Gbristiauis
919 667 1082 749 speciales
1113 653 1299 750 inimicitias

123 769 302 854 addixerat.
345 773 410 836 Est
441 775 606 837 antemio
639 775 763 842 oriente
788 770 1005 860 cousuetudo,
1031 769 1159 854 qnando
1181 770 1300 848 dupiu

122 891 242 958 campo
263 875 328 938 sibi
349 876 499 958 obviant,
521 887 553 940 et
574 895 658 940 unus
681 876 817 941 alterurn
840 879 947 958 timet,
975 874 1049 958 ille,
1071 877 1127 959 qui
1148 856 1302 956 desperat

122 995 163 1040 se
186 995 285 1060 posse
315 978 453 1064 alterum
485 983 640 1066 vulnere,
668 982 757 1046 cadit
779 981 820 1044 de
851 981 972 1062 bestia,
1002 988 1034 1044 at
1056 977 1160 1062 pedes
1186 966 1301 1048 eontra

122 1081 313 1148 obviantem
339 1085 448 1167 veuit,
481 1087 514 1147 ln
535 1088 665 1170 siguum
696 1087 914 1166 reverentiae,
944 1083 1051 1146 uteie
1083 1083 1300 1150 reverentiam

122 1187 154 1247 ei
179 1186 289 1250 faeiat.
334 1185 392 1250 Sic
423 1190 520 1252 etiarn
549 1190 677 1274 qnando
700 1192 864 1254 exereitus
886 1189 1043 1254 exertitui
1061 1187 1199 1252 'deferre
1214 1185 1299 1270 rub,

1 1352 2 1367 ,
120 1307 242 1352 omues
266 1289 308 1352 de
329 1292 443 1356 bestiis
463 1293 673 1362 descendunt.
716 1293 775 1358 Sic
805 1293 934 1378 qnando
966 1311 1025 1356 rex
1058 1291 1114 1354 vel
1147 1294 1300 1378 princeps

121 1401 157 1456 et
187 1392 361 1457 Sarraceul
390 1404 447 1460 aut
481 1397 677 1462 Mamaluooi
709 1399 836 1463 nobiles
865 1396 1138 1481 promitomus
1170 1396 1299 1472 obv'urim

121 1497 300 1561 venientes
322 1499 363 1562 du
384 1502 486 1563 asinis
507 1501 695 1586 prosiliunt,
728 1512 761 1564 et
783 1510 890 1586 stant,
922 1518 1092 1586 quousque
1111 1507 1300 1582 pertulus-

120 1610 194 1678 unt.
239 1599 335 1678 Quod
357 1605 385 1666 si
407 1604 448 1668 de
467 1606 569 1668 bustis
588 1625 653 1672 nou
675 1606 900 1670 descenderint
938 1611 971 1670 iu
995 1603 1183 1688 praedietis
1210 1605 1299 1670 rasi„

122 1704 200 1787 bus,
215 1709 251 1768 vi
272 1707 314 1769 ab
335 1707 408 1771 aliis
430 1708 624 1791 dejiciuutur
645 1710 688 1777 de
703 1711 862 1793 jumentis
878 1729 951 1774 curu
968 1727 1087 1792 magna
1104 1707 1299 1777 contumelia

121 1819 156 1872 et
183 1811 338 1874 molestia.
382 1813 553 1876 'l'imebant
574 1833 652 1900 ergo
674 1815 823 1879 ductores
842 1815 950 1880 ,uestri
970 1813 1112 1882 Arabena
1134 1811 1235 1893 illum,
1257 1829 1300 1874 us

123 1915 212 1978 forte
233 1933 306 1980 oum
329 1918 540 2000 complicibus
560 1918 631 1981 suis
653 1917 687 1978 in
709 1915 849 1984 eootesiu
869 1921 1026 1999 latitaret,
1040 1925 1074 1999 et
1090 1923 1298 2000 erumpentes

122 2039 191 2082 uos
221 2020 431 2104 invaderent,
463 2023 635 2105 praecipue
665 2023 694 2085 si
721 2021 794 2082 sine
827 2025 1013 2086 reverentia
1044 2020 1172 2083 domum
1205 2034 1301 2084 suam

124 2126 473 2209 pertransivissemus,
496 2135 529 2187 et
552 2128 593 2188 ob
625 2127 711 2190 bane
731 2143 864 2190 cansam
884 2131 1122 2208 praeceperunt
1143 2123 1237 2186 uobis
1258 2120 1299 2189 de

124 2228 233 2291 asinis
254 2227 464 2311 descendere,
483 2237 518 2291 et
537 2227 665 2294 domurn
684 2231 779 2292 istam
803 2247 876 2291 cum
898 2227 1079 2292 humilitate
1093 2226 1299 2309 pertransire,
1405 2249 1413 2263 ·

124 2330 216 2414 quod
238 2333 442 2414 circuimus,
463 2335 541 2398 licet
562 2333 680 2396 milites
708 2332 980 2415 impatientissimi
1014 2329 1133 2394 fuerint
1165 2340 1198 2393 et
1224 2330 1299 2394 caui

124 2435 175 2497 illi
195 2438 349 2518 pessimis
370 2437 650 2501 maledictionibus
672 2435 903 2504 maledixerint.
941 2437 990 2498 lta
1011 2443 1119 2500 tamen
1140 2434 1299 2499 transivi-

124 2557 218 2622 mus,
240 2540 328 2622 quod
350 2546 509 2607 nemiuem
530 2545 565 2604 iu
586 2543 658 2604 loco
679 2539 840 2623 vidimus,
868 2548 902 2603 et
923 2540 984 2604 boe
1005 2558 1065 2622 pro
1095 2539 1191 2606 uobis
1224 2538 1297 2619 fuit,

123 2643 203 2724 quia
223 2651 288 2708 tam
308 2643 460 2708 ductores
481 2643 582 2705 nostri
603 2663 699 2727 qnam
716 2663 777 2709 uos
798 2643 895 2710 valde
914 2643 1006 2708 illum
1025 2643 1166 2706 Arabum
1189 2641 1301 2706 timui-¹

127 2765 222 2828 mus,
248 2767 291 2812 ue
313 2748 396 2812 iorte
415 2749 638 2832 insequeretur
660 2766 729 2811 uos.

200 3055 261 3129 lle
287 3053 475 3154 praedicta
500 3055 660 3135 eeclesia
682 3051 724 3129 S.
746 3049 926 3127 Jobauuis
958 3057 999 3126 et
1019 3046 1092 3124 loci
1118 3023 1217 3124 illius

610 3173 815 3251 sanctitate.
1137 3209 1140 3218 ·

216 3379 380 3442 Ecclesia
402 3377 568 3461 praedicta
588 3377 623 3441 S.
645 3375 805 3442 Jobanuis
825 3381 875 3436 est
896 3373 978 3436 satis
997 3388 1134 3454 magula,
1156 3370 1215 3433 sed
1230 3370 1299 3454 jum

124 3480 298 3566 profanata
318 3502 377 3565 per
396 3483 657 3547 inhabitationem
678 3478 840 3560 Arabum,
861 3477 917 3561 qui
937 3478 971 3540 iu
992 3474 1204 3559 praedatione
1226 3477 1300 3538 erri-

124 3596 253 3651 stsntes
273 3590 308 3650 lu
328 3605 368 3650 ea
405 3596 566 3672 tamquam
584 3588 617 3650 iu
640 3587 711 3650 loco
729 3585 851 3650 munito
876 3589 1019 3646 manent.
1075 3578 1206 3641 Altaria
1226 3578 1297 3662 ejus

127 3701 207 3756 sunt
228 3691 352 3776 diruta,
381 3701 414 3755 et
438 3689 672 3775 quodammodo
694 3689 797 3751 forma
825 3687 987 3749 ecclesiae
1016 3683 1133 3747 ablata
1177 3685 1214 3746 lu
1236 3685 1300 3746 boc

127 3797 201 3862 ioco
224 3799 350 3874 ¹dieunt
376 3796 411 3859 S.
433 3795 616 3860 Jobuuneru
651 3793 830 3874 Baptistam
862 3788 990 3873 populis
1018 3785 1243 3869 praedicasse,
1264 3795 1300 3849 et

127 3903 256 3966 cunctis
278 3899 410 3984 regulas
428 3897 560 3964 vivendi
581 3896 768 3977 tradidisse,
791 3902 828 3957 ut
847 3893 984 3966 habetur
1002 3889 1115 3954 hucac
1135 3891 1179 3973 8.,
1199 3901 1230 3952 et
1254 3889 1298 3954 ibi

127 4005 360 4069 Domiuodesu
376 4003 595 4066 testimouium
617 4000 820 4082 perhibuisse
840 3999 968 4080 dicitur,
991 4006 1028 4060 nt
1046 3995 1164 4059 dicitnr
1178 3993 1293 4088 Mattlr.

1 4161 2 4190 ,
132 4111 159 4173 l.
188 4111 342 4191 ,lusupor
361 4110 395 4171 in
421 4108 484 4172 boe
516 4106 588 4180 loeo
621 4102 729 4167 stabat
758 4102 942 4185 Jobauues,
978 4099 1107 4183 quando
1139 4098 1298 4161 Dominus

128 4212 231 4276 Jeens
250 4213 342 4275 veuit
363 4210 405 4273 ud
427 4228 510 4292 enm,
527 4215 561 4270 et
582 4206 700 4272 videns
721 4225 795 4271 eum
816 4205 916 4292 digito
937 4204 1136 4268 monstrabat
1166 4201 1299 4267 dleeust

131 4333 224 4400 eece,
244 4332 352 4402 agnus
372 4315 451 4401 Dei,
479 4314 536 4397 qni
568 4311 651 4376 tollit
678 4318 816 4395 peccata
848 4310 974 4393 mnudi,
1005 4309 1080 4372 Job.
1113 4306 1141 4373 i.
1186 4303 1299 4385 Aliqui
