3212 5206
837 253 902 318 tus

290 437 446 520 superior.
490 434 528 498 st
548 433 623 519 quis
643 443 751 498 sutem
774 433 893 518 vellet,
925 443 1038 518 posset
1060 453 1100 498 se
1120 435 1261 500 totaliter
1283 437 1317 497 ln
1338 443 1464 517 petram

290 540 429 622 trahem,
450 540 527 622 quia
546 537 690 602 lorameu
711 539 902 622 protundum
923 549 991 622 est,
1013 538 1073 602 sed
1093 540 1254 622 quomodo
1275 539 1348 603 siue
1369 539 1467 620 adju·

289 643 372 708 torio
394 651 426 706 et
447 644 521 706 eine
540 643 730 707 extrahente
751 645 890 708 reexiret
908 645 967 707 vix
987 642 1101 726 video,
1128 645 1205 727 quia
1231 664 1295 709 nou
1323 653 1412 728 putet
1432 644 1466 708 ei

289 751 399 812 exitus
429 755 516 811 motu
545 748 751 831 retrogrado,
782 751 871 812 siout
891 757 1039 811 movetur
1059 764 1185 810 merear.
1230 750 1267 810 lu
1288 767 1353 832 quo
1373 755 1464 810 notu

286 853 387 918 hebet
407 850 668 935 impedimentum
690 869 788 936 supra
809 860 841 916 et
863 852 966 935 lutra,
985 850 1045 918 sed
1072 870 1136 915 uon
1158 861 1250 934 onte,
1272 871 1333 916 ueo
1358 860 1464 939 retro3

289 975 356 1020 non
387 956 473 1018 enim
501 963 624 1019 tanturn
647 964 699 1018 est
727 958 816 1020 lutus
837 955 879 1018 de
899 957 1023 1040 spatio,
1056 963 1090 1018 ut
1124 956 1219 1020 homo
1246 975 1285 1020 se
1304 966 1411 1020 vertet
1432 966 1466 1018 et

290 1077 364 1124 eum
387 1061 493 1143 eapite
514 1061 617 1142 primo
639 1067 745 1124 exeat.
788 1061 862 1124 lloo
883 1078 961 1142 ergo
984 1058 1128 1124 toramen
1149 1070 1200 1124 eet
1221 1061 1316 1143 illud,
1347 1069 1382 1124 ut
1412 1062 1466 1144 pie

293 1161 447 1246 ereditur,
468 1163 501 1226 in
524 1163 609 1246 qnod
630 1166 740 1248 posuit
760 1164 918 1228 Dominus
939 1166 1099 1246 Moysen,
1135 1173 1172 1228 ut
1194 1166 1467 1249 contemplaretur

289 1265 353 1330 Dei
375 1267 563 1351 posteriore.
606 1267 644 1332 Si
673 1272 725 1334 oui
753 1267 860 1352 plaeet
887 1266 1015 1348 videre,
1048 1265 1125 1351 quid
1152 1267 1195 1330 eit
1216 1270 1280 1333 Dei
1309 1271 1411 1334 laoies
1431 1279 1466 1334 et

291 1371 356 1434 Dei
378 1374 541 1454 posterior
561 1390 648 1457 pars,
669 1372 781 1436 videet
801 1372 951 1438 tuNioot.
974 1373 1115 1456 dehyn
1136 1391 1236 1457 super
1256 1373 1344 1436 illurn
1359 1374 1464 1438 loeum

280 1483 328 1538 et
350 1474 446 1538 Addo
470 1493 543 1540 eum
566 1476 705 1561 repliois.
749 1537 753 1547 ,
1089 1547 1094 1554 ,

374 1579 547 1644 Foramina
577 1581 633 1643 illo
665 1589 837 1664 perspecto
866 1578 1073 1646 ascendimus
1105 1581 1259 1664 ulterius,
1289 1599 1395 1664 usque
1421 1579 1465 1642 nd

291 1699 448 1746 esmmeu
468 1685 587 1748 nuntie
607 1685 824 1768 ammustmi,
845 1685 879 1748 iu
901 1695 998 1767 oepnt
1020 1689 1139 1751 montis
1159 1703 1259 1769 supra
1279 1676 1409 1767 rupem,
1429 1684 1464 1746 in

291 1785 386 1869 enjus
413 1785 516 1850 lutera
544 1797 597 1852 eet
623 1789 768 1852 toramen
789 1786 999 1871 praediolum.
1042 1791 1135 1854 llaee
1155 1799 1207 1853 eet
1227 1800 1337 1872 petra,
1365 1807 1465 1872 super

292 1907 390 1974 quarn
407 1889 507 1972 jussit
518 1887 677 1956 Dumium
696 1894 946 1976 starelloysen,
966 1893 1072 1958 uxori
1091 1895 1160 1958 aa:
1181 1895 1280 1976 lloce,
1299 1902 1351 1956 eet
1372 1894 1465 1956 loeus

292 1993 377 2078 apud
399 2015 451 2056 me
481 2005 515 2059 et
535 1998 637 2061 stabis
658 2015 758 2080 super
778 2007 900 2080 petram
925 2005 986 2060 eto
1029 1997 1136 2081 Super
1157 2008 1278 2082 petram
1304 1997 1391 2061 illam
1412 2006 1466 2060 est

289 2097 388 2164 ltodie
408 2098 578 2165 aedillesta
598 2119 663 2164 una
683 2101 827 2185 oapella,
856 2119 940 2186 qnae
961 2100 1077 2165 dieitm
1096 2101 1239 2166 eeclesia
1259 2103 1366 2166 saneti
1387 2101 1465 2164 Sal-

291 2206 427 2288 vatorb,
451 2223 535 2289 quae
555 2214 627 2270 erat
647 2205 753 2268 terreo
774 2217 868 2270 osteo
889 2207 1024 2270 firmiter
1043 2205 1166 2288 clausa,
1187 2215 1319 2290 statque
1338 2207 1371 2269 iu
1383 2205 1465 2288 loeo,

292 2309 349 2372 ulti
380 2317 516 2372 motus
545 2310 702 2392 prophete
730 2311 866 2393 Moyses
897 2309 1089 2392 deealogurn
1121 2310 1155 2371 iu
1186 2308 1311 2374 duabus
1342 2310 1464 2375 tubulis

295 2411 432 2494 lapideis
454 2411 557 2494 dlgtto
579 2411 640 2474 Dei
664 2423 830 2478 exaratum
850 2416 979 2498 aooepit
1000 2424 1094 2477 utens
1120 2431 1193 2476 oum
1215 2413 1354 2479 Domine
1373 2414 1464 2478 eolus

292 2515 327 2579 in
348 2516 468 2578 montis
486 2518 620 2599 vertiee,
645 2525 682 2578 ut
708 2517 843 2583 habetur
863 2519 967 2582 Exodi
989 2517 1145 2580 xxxtv.
1188 2517 1286 2580 Auno
1308 2527 1383 2580 aute
1403 2537 1466 2582 ua·

292 2621 453 2684 tivitatem
475 2620 604 2684 Domini
634 2621 716 2684 1514
744 2623 804 2686 luit
830 2622 882 2686 lex
911 2625 987 2690 datu
1011 2621 1133 2704 Moysi.
1182 2623 1278 2684 llano
1307 2619 1463 2704 eapullum

295 2727 462 2808 aperiente
483 2726 583 2789 fratre
597 2722 786 2806 Nioodemo,
807 2726 863 2808 qui
885 2723 926 2787 de
945 2726 1140 2789 monasterio
1159 2726 1323 2789 nobiseum
1346 2743 1466 2790 asceu-

292 2829 394 2913 derut,
416 2829 620 2894 disoaleeatis
645 2827 805 2911 nudisque
816 2827 954 2910 pedibus
971 2849 1029 2913 pro
1047 2832 1230 2894 reverentis
1245 2837 1279 2892 et
1290 2833 1465 2896 sanctitate

293 2933 357 2999 loei
377 2936 569 2999 intravimus
592 2951 736 3018 noeque,
758 2941 792 2994 ut
809 2933 933 3016 justum
954 2944 1040 3016 erat,
1062 2935 1212 2999 devotius
1232 2937 1465 3017 prostravimus

292 3041 327 3100 ln
356 3049 472 3103 terram
499 3048 533 3102 et
570 3038 676 3102 locum
704 3036 811 3118 illum,
843 3041 876 3102 in
907 3058 971 3123 quo
997 3041 1134 3124 Moyses
1163 3040 1267 3122 legem
1296 3039 1338 3104 de
1369 3059 1464 3104 mauu

291 3141 421 3206 Domini
453 3145 578 3226 aceepit
610 3143 736 3206 dnobus
764 3145 929 3223 signatum
950 3143 1112 3226 lapidibus
1146 3143 1412 3229 deesouiabarnnr
1431 3154 1466 3208 et

291 3246 491 3310 orationibus
521 3247 568 3309 ibi
597 3245 710 3328 leolis,
744 3254 841 3328 prout
867 3248 899 3310 iu
929 3247 1161 3329 processionali
1194 3256 1301 3313 terrae
1329 3258 1465 3314 unctae

290 3333 471 3433 signentur,
486 3349 704 3432 indulgentiae
715 3350 877 3431 pleuariae
888 3353 1088 3415 remissionis
1096 3353 1171 3434 (st)
1180 3355 1373 3437 aooeptmus.
1385 3354 1465 3418 Post

292 3455 472 3517 orationem
490 3454 621 3516 ehoruur
633 3454 836 3536 initiavimus,
859 3454 960 3518 ultera
972 3455 1214 3520 oiroumlvimue
1227 3466 1260 3520 et
1272 3457 1377 3523 losum
1390 3476 1463 3524 enm

291 3561 416 3642 lugenti
442 3557 617 3622 devotione
629 3565 664 3620 et
683 3557 903 3624 delectatione
922 3559 1064 3624 vidimus
1082 3569 1114 3622 et
1138 3560 1338 3645 frequentius
1360 3566 1466 3626 vesti-

290 3663 347 3746 giu
373 3663 482 3747 angeli
514 3663 636 3728 visibili
668 3674 701 3728 et
734 3665 893 3747 oorporali
919 3666 1031 3748 epeoie
1063 3665 1175 3750 Moysi
1206 3668 1250 3732 ibi
1280 3668 1465 3751 apparentis

293 3767 475 3832 deoseulati
493 3769 624 3851 lirinus,
646 3769 793 3833 similiter
811 3779 843 3834 et
862 3771 1003 3853 vestigia
1020 3772 1126 3837 sauoti
1141 3770 1317 3854 prophetoe
1328 3772 1463 3856 lloysiu
1573 3777 1580 3794 '

291 3873 382 3936 Sunt
401 3875 499 3957 enim,
517 3883 554 3937 ut
574 3873 731 3959 praedixi,
754 3884 830 3938 aute
849 3877 1015 3940 introitum
1037 3876 1126 3940 ultori
1148 3875 1212 3940 dno
1228 3877 1354 3962 lepidos
1366 3896 1466 3962 supro

292 3985 410 4042 saneto
430 3979 586 4063 vestigia,
615 3980 649 4042 iu
678 3997 743 4044 uno
771 3979 844 4044 loeo
875 3981 966 4044 stetit
993 3980 1146 4064 augelus,
1178 3982 1212 4045 in
1233 3983 1297 4046 alio
1316 3984 1464 4066 genubus

289 4081 385 4147 flexis
405 4085 499 4146 stetit
510 4083 714 4178 lloysemet
734 4091 812 4148 eunt
837 4081 900 4147 duo
921 4084 986 4147 albi
1007 4087 1175 4150 marnmrei
1197 4085 1323 4172 lapides
1346 4089 1378 4152 iu
1400 4106 1463 4171 pa-

289 4189 434 4255 uimento
453 4188 569 4268 locati,
591 4197 622 4253 et
645 4188 774 4271 dieunt,
806 4187 893 4272 quod
913 4190 974 4252 sul)
995 4191 1068 4253 istis
1089 4190 1249 4274 lapidibus
1270 4193 1337 4257 siut
1358 4193 1466 4257 adnuo

289 4294 322 4359 in
343 4303 436 4380 petra
456 4295 616 4380 inpressa
637 4297 781 4380 vestigia
800 4311 942 4377 genuum
963 4295 1102 4379 Moysis.
