3212 5206
251 461 455 543 tenpestate,
476 463 542 534 qna
562 429 775 528 allamma,
797 454 830 508 et
851 462 947 528 paras
968 461 1026 508 ees
1049 442 1153 546 imese
1173 450 1280 513 aetate
1301 451 1334 506 et
1356 443 1430 508 ior..

234 557 400 639 titudine,
420 552 599 635 ambosque
621 539 902 653 imude'periisse.
945 543 987 611 Et
1009 547 1132 632 tantum
1155 545 1281 634 ticillo.

253 789 313 865 lle
354 785 509 888 quodam
541 775 687 880 insigni⁸
710 737 912 873 aestuario,
948 779 984 853 iu
1016 799 1087 877 quo
1118 779 1300 878 peregrini
1337 781 1428 858 lacti

532 901 795 978 balneabantur
818 919 902 976 cum·
922 896 1149 975 sarracenis.
1396 923 1399 929 ·

335 1081 488 1149 &cunda
520 1081 574 1148 die
589 1082 689 1146 'dicta
713 1083 821 1146 blissa
849 1080 1429 1146 accersivimus-umtsohelmmnum

251 1201 286 1255 et
307 1192 494 1275 rogavimus
512 1205 605 1271 eum,
635 1197 672 1252 ut
692 1205 754 1250 uos
775 1185 927 1249 educeret
948 1186 983 1247 in
1005 1184 1170 1256 desertum
1192 1185 1234 1248 ad
1255 1189 1429 1252 terminum

252 1306 417 1378 nostrum,
450 1303 484 1358 et
506 1294 669 1376 promisit,
706 1291 792 1377 quod
816 1291 1047 1355 incrastinum
1069 1290 1245 1372 profecturi
1266 1281 1427 1355 essemus.

252 1395 327 1475 Qua
356 1395 570 1478 promissione
601 1395 767 1461 laetificati
799 1397 919 1460 luimus
950 1405 982 1457 et
1007 1393 1141 1478 prandio
1172 1404 1278 1458 sumto
1310 1414 1428 1460 omnes

182 1491 187 1500 ’
251 1500 348 1570 simul
377 1499 418 1564 ad
438 1497 691 1563 sarracenorum
720 1501 916 1564 aestuarium
946 1489 1064 1582 ivimus
1087 1487 1283 1563 etbalneati
1305 1516 1345 1561 ac
1366 1497 1426 1562 loti

253 1602 382 1666 suimus.
422 1589 541 1681 Qualia
561 1612 670 1667 autem
693 1603 760 1666 sint
781 1605 943 1667 aestuaria
963 1601 1226 1687 sarracenorum,
1247 1603 1325 1667 vide
1339 1604 1376 1666 P.
1396 1605 1424 1668 i.

253 1707 311 1774 iol.
330 1709 386 1775 84.
427 1706 495 1770 Sed
516 1708 578 1772 hoc
600 1710 798 1772 aestuarium
818 1691 852 1771 in
874 1707 1006 1778 Gazara
1027 1715 1198 1790 estsuper
1221 1709 1326 1771 omnia
1348 1727 1427 1791 pre-

253 1813 379 1895 tiosius,
400 1830 484 1895 quae
503 1812 581 1876 vidi.
610 1812 697 1875 Nam
709 1819 785 1875 ante
798 1819 949 1896 stuppam
963 1820 1015 1874 est
1030 1811 1184 1875 circuitus
1198 1810 1427 1891 teatudiuatua,

254 1917 343 1980 sicut
363 1918 505 1980 ambitus
527 1902 685 2002 claustri,
700 1919 735 1980 in
756 1934 821 1998 quo
842 1924 919 1980 sunt
939 1915 1048 1999 plures
1070 1915 1208 1981 cellulae
1227 1918 1299 1979 siue
1319 1916 1427 1992 lectis,

254 2029 378 2086 stratae
404 2023 512 2085 mattis
540 2031 574 2084 at
601 2021 719 2105 plectis
743 2021 920 2104 palmarum
943 2028 977 2082 et
997 2021 1147 2103 singulae
1168 2022 1271 2084 cellae
1291 2021 1427 2085 cortinis

255 2133 379 2189 tanturn
400 2125 603 2190 clauduntur.
644 2127 682 2186 ln
702 2125 754 2187 lris
774 2125 926 2188 balneare
946 2124 1097 2188 volentes
1114 2144 1154 2191 aa
1175 2134 1298 2189 exuunt
1318 2134 1352 2188 ct
1372 2125 1429 2188 iu·

258 2229 371 2296 dunat.
414 2232 452 2293 ln
474 2233 557 2313 ipsis
585 2228 677 2292 cellis
698 2230 841 2311 pendent
861 2229 960 2313 pauni
976 2228 1105 2313 mundi,
1135 2231 1252 2314 quibus
1272 2230 1427 2313 praecin-

110 2394 119 2413 ,
257 2341 379 2416 guntur
406 2334 533 2417 ingredi
561 2333 709 2397 volentes
737 2331 777 2393 ab
809 2331 960 2395 umbilico
991 2333 1164 2417 usquead
1191 2352 1319 2418 genna,
1355 2334 1427 2397 loco

229 2438 451 2505 ..braccarum
467 2446 502 2500 et
522 2439 765 2521 perizomatum,
789 2443 823 2498 et
843 2443 946 2516 totum
968 2444 1045 2500 ante
1068 2447 1101 2500 et
1122 2448 1208 2502 retro
1228 2440 1357 2528 tegitur.
1388 2440 1428 2501 ln

259 2539 365 2604 medio
393 2543 513 2606 ambitu
537 2550 588 2604 est
617 2557 703 2604 unus
732 2539 824 2623 fons,
858 2558 917 2623 per
945 2541 1063 2604 multas
1091 2560 1213 2606 caunas
1234 2531 1356 2607 saliens
1385 2541 1427 2605 tle

133 2681 136 2687 -
259 2657 437 2710 marmorea
467 2645 617 2710 columna
647 2653 683 2709 et
713 2662 826 2708 omues
863 2646 1007 2727 parietes
1037 2655 1071 2710 et
1100 2639 1319 2730 pauimentum
1352 2657 1429 2712 aute

259 2749 455 2838 aestuarium
488 2759 521 2822 et
548 2751 636 2812 intus
662 2757 744 2826 suut,
768 2750 909 2812 vestitae
936 2731 1095 2822 marmore
1123 2752 1261 2816 candido
1281 2754 1373 2817 vario
1394 2759 1427 2815 et

259 2850 373 2935 polito,
408 2853 454 2917 ita
481 2855 568 2939 quod
596 2856 761 2919 transiens
791 2854 889 2917 habet
914 2872 953 2917 se
978 2872 1098 2917 cavere
1116 2841 1173 2917 'ut'
1195 2865 1291 2930 eapte
1316 2849 1435 2938 vadat,

153 2963 156 2970 '
258 2973 303 3019 ne
321 2956 522 3044 ,lubricidea
548 2962 638 3029 sicut
668 2961 741 3043 ille,
773 2960 836 3042 'qui
867 2947 970 3043 'super
1003 2959 1141 3042 glaciem
1163 2943 1274 3025 'vaditss
1315 2961 1427 3042 lpaum

259 3070 366 3125 autem
393 3067 588 3129 aestuarium
613 3075 665 3128 est
697 3066 729 3127 in
758 3064 886 3127 modum
917 3065 1016 3128 turris
1051 3062 1225 3148 quadrata,
1256 3072 1290 3126 et
1315 3081 1452 3148 gnppa..

259 3163 333 3226 sive
361 3163 489 3232 testudo
508 3177 699 3254 cooperiens
720 3169 824 3250 ipsum
855 3187 919 3232 non
948 3169 1048 3232 habet
1070 3177 1210 3250 tectum,
1242 3167 1302 3230 sed
1329 3168 1428 3231 habet

260 3261 400 3350 plurima
419 3259 560 3340 rot'uu'da¹
577 3271 749 3354 foramina,
779 3282 813 3335 ut
835 3282 933 3356 caput
954 3274 1110 3357 hominis,
1142 3273 1254 3356 clausa
1275 3270 1429 3334 fanestris

259 3373 375 3436 vitreis
397 3374 597 3438 diversorum
619 3373 864 3458 colorum,per
884 3377 969 3460 quod
991 3379 1099 3441 lumen
1120 3379 1308 3459 obscurum,
1330 3375 1428 3439 sulli-

219 3557 222 3564 ,
260 3475 351 3568 cisum
373 3485 497 3570 umen,
516 3471 717 3566 'ingreditur;
738 3479 772 3542 in
793 3483 866 3563 ipso
888 3489 997 3545 autem
1018 3482 1177 3546 aestuario
1199 3499 1264 3543 non
1286 3488 1337 3543 ost
1358 3479 1429 3556 ior·

33 3571 36 3580 '
130 3584 134 3590 '
259 3597 339 3664 nax,
372 3599 435 3644 nec
464 3585 603 3676 sentitur
629 3582 725 3648 ardor
751 3585 838 3668 ignis
870 3603 932 3648 neo
954 3587 1079 3671 sumus,
1111 3586 1172 3650 sed
1191 3586 1313 3648 in‘una
1332 3594 1427 3666 parte

122 3745 150 3774 Ι,
258 3685 320 3762 aab
342 3687 526 3771 pavimento
546 3697 624 3769 sunt
645 3689 818 3772 carbones,
848 3691 964 3774 quibus
992 3709 1149 3755 marmora
1169 3690 1347 3774 pavimenti
1368 3707 1428 3752 ea-

261 3787 373 3866 leiluut
394 3801 429 3854 et
451 3787 536 3877 aqua
555 3794 687 3858 fervens
708 3811 767 3877 per
787 3794 903 3857 canale
923 3796 956 3858 in
973 3795 1110 3879 lapidem
1128 3803 1277 3858 cavatum
1294 3795 1427 3856 e'urrans

244 3892 321 3956 'hoc
353 3897 453 3960 totum
483 3896 709 3963 habitaculum.
733 3899 842 3963 calore
874 3901 998 3983 replet·
1034 3902 1071 3963 liu
1104 3900 1167 3962 alio
1197 3898 1298 3961 latere
1329 3901 1427 3976 intrat

195 4063 198 4070 ,
259 4014 343 4080 aqua
365 3998 489 4083 frigida
533 4002 594 4066 Est
615 4006 717 4086 euim,
739 4012 775 4066 ut
802 4004 885 4088 dixi,
918 4000 1133 4067 babitaculum
1155 4003 1362 4086 quadratum,
1393 4013 1428 4066 et

258 4119 322 4166 nou
343 4103 442 4168 habet
461 4105 663 4191 lumeu,nisi
684 4127 743 4190 per
764 4108 921 4172 foramina
939 4105 1123 4189 testudinis,
1146 4116 1178 4169 et
1195 4099 1233 4169 in¹
1245 4127 1309 4171 uuo
1325 4109 1427 4171 latere

258 4215 309 4270 ost
330 4209 419 4272 calor
440 4211 607 4294 abundans
630 4223 662 4276 et
683 4231 768 4295 aqua
799 4214 919 4299 calida,
948 4214 982 4276 iu
1004 4211 1146 4286 seeundo
1168 4211 1271 4275 latere
1292 4221 1343 4274 est
1366 4202 1427 4274 iri'·

210 4307 216 4320 “
256 4330 320 4398 gua
342 4323 375 4380 at
395 4331 480 4402 aqna
502 4317 628 4403 lagida,
645 4307 778 4383 tertium
799 4305 886 4384 latus
909 4327 961 4383 est
982 4317 1168 4424 liberumet
1191 4318 1345 4401 quietam,
1367 4334 1426 4399 per
