3132 5206
263 430 351 518 qnod
370 431 442 496 aine
462 429 722 496 contradictione
750 448 812 496 nos
840 432 883 498 ad
915 432 1092 498 dordonam
1113 431 1232 498 docere
1253 443 1437 518 mantua,
1537 479 1538 482 ,

209 527 214 534 ’
263 547 299 602 nt
323 543 414 622 potet
434 535 492 605 iol.
511 535 563 602 et.
586 537 627 598 tl.
665 535 954 622 bonooperum
977 538 1148 622 dicebant,
1166 555 1205 604 se
1226 558 1290 604 non
1312 555 1439 624 negem

263 659 362 728 posse
392 641 639 706 conventionem
672 643 792 707 iactam
825 642 985 709 venetiis.
1035 641 1103 706 Sed
1134 645 1164 707 si
1195 646 1259 710 ista
1290 645 1439 728 pericula

263 747 463 812 imminentia
484 747 631 816 Venetlls
661 749 894 832 aptavissmm,
922 765 1125 834 nequaquam
1152 747 1242 813 illum
1262 749 1438 815 anticulum

262 859 498 936 acceptassent.
541 853 734 936 lneaperunt
756 859 865 916 autem
888 854 1011 918 reterre
1030 855 1176 938 pericula
1196 855 1266 919 tria.
1308 855 1333 917 l.
1356 856 1439 939 quia

116 1035 122 1048 ὓ
262 953 304 1021 de
324 957 387 1022 hoc
408 957 489 1019 certi
510 965 633 1040 essent,
656 955 743 1040 quod
764 958 893 1022 Arabes
914 977 976 1023 noa
997 961 1030 1024 in
1052 961 1107 1024 via
1127 969 1240 1024 contra
1255 958 1437 1022 Jordanem

262 1065 509 1146 exspectarent,
531 1061 620 1125 etin
647 1061 876 1127 solitudinibus
900 1063 1057 1141 Jordanla
1078 1065 1242 1129 latitarent
1263 1063 1305 1126 ad
1333 1066 1438 1127 inva-

1534 1083 1538 1126 i

262 1165 401 1233 dandum
423 1183 494 1236 nos.
536 1168 575 1228 ll.
599 1164 766 1252 dicebant,
800 1167 887 1252 quod
907 1169 942 1234 in
966 1170 1047 1235 locis
1068 1169 1134 1234 illis
1155 1169 1243 1232 nulla
1260 1175 1350 1232 essct
1375 1183 1439 1230 oc-
1538 1182 1539 1214 t

261 1272 380 1356 alesia,
402 1271 492 1336 nulla
512 1269 661 1354 devotio,
681 1271 790 1336 nullae
809 1272 1039 1356 indulgentiae.
1086 1275 1143 1345 ΠΙ.
1164 1274 1325 1354 dicebant,
1344 1271 1438 1356 quod

261 1397 320 1464 per
340 1377 430 1441 illam
450 1376 536 1440 dam
559 1393 624 1440 non
646 1375 867 1442 inveniremus
889 1395 951 1442 nee
968 1395 1108 1467 aquam,
1134 1395 1196 1442 neo
1216 1395 1349 1461 punem,
1371 1393 1439 1440 neo

261 1483 369 1548 locum
391 1479 491 1566 quieti
511 1487 633 1564 aptum,
655 1489 688 1544 et
707 1487 797 1544 esset
818 1491 946 1565 tempos
967 1482 1210 1566 calidissimum,
1232 1489 1265 1545 et
1285 1481 1380 1546 labor
1401 1483 1438 1544 ln

261 1587 364 1653 tantis
385 1586 546 1651 caloribus
575 1593 665 1649 essm
695 1585 915 1669 periculosus,
946 1595 980 1650 et
1009 1587 1282 1654 vitaehumanae
1307 1587 1435 1670 gravis

261 1691 320 1758 tv.
344 1691 579 1758 dttneultatant
610 1707 668 1774 pro
696 1709 754 1774 eo,
784 1689 871 1777 qnod
903 1686 1068 1775 expensae
1099 1699 1285 1758 crescerent
1316 1693 1366 1756 eis
1387 1709 1437 1758 ex
1537 1737 1538 1740 =

261 1799 325 1863 hoc
346 1813 509 1888 magnae,
531 1796 609 1879 qula
630 1801 772 1880 oportet,
795 1801 833 1859 nt
863 1799 988 1879 patroni
1010 1798 1141 1862 solvant
1173 1801 1308 1880 pretium
1330 1798 1437 1860 oottl-

266 1901 396 1966 danum
435 1899 622 1965 ductoribus
652 1910 685 1965 et
717 1901 890 1985 minorita,
939 1902 1091 1985 quamdin
1130 1919 1244 1968 snmus
1274 1902 1309 1965 ln
1341 1907 1436 1964 terra

157 2022 165 2035 ·
263 2013 394 2090 sancta,
426 2015 460 2069 et
490 2005 664 2090 praecipue
694 2021 857 2088 expensas
886 2005 1006 2070 multas
1036 2027 1094 2092 pro
1115 2007 1277 2072 laboribus
1304 2013 1435 2091 petunt,

263 2111 393 2198 quando
422 2109 463 2175 ad
483 2108 661 2174 Jordanem
689 2111 858 2174 nobiscnm
889 2110 1148 2194 proficiscuntur.
1192 2112 1288 2176 llatae
1317 2118 1433 2174 tamen

263 2226 411 2302 quartam
434 2233 584 2280 caussam
609 2232 674 2278 non
695 2213 891 2298 allegabant,
908 2215 968 2282 sed
989 2237 1050 2282 nos
1068 2219 1322 2314 suspicabamur,
1343 2213 1434 2298 quod

208 2366 216 2378 .
262 2330 395 2406 propter
425 2337 496 2384 eam
528 2320 611 2383 alias
643 2321 875 2402 excogitarent.
928 2319 1069 2384 Primum
1100 2321 1361 2406 impedimentum
1395 2327 1432 2381 et

263 2425 458 2508 seeundum,
481 2431 514 2488 et
534 2435 682 2509 quartum
688 2470 699 2508 ,
720 2443 832 2509 parum
855 2426 1060 2508 curavimus,
1081 2425 1140 2489 sed
1170 2427 1300 2489 tertium
1325 2424 1435 2506 impe-

117 2572 127 2598 t
264 2527 441 2594 dimentum
473 2528 662 2626 rationabile
691 2537 724 2594 et
758 2547 873 2592 verum
902 2539 962 2593 est.
1005 2531 1066 2594 Est
1098 2531 1184 2593 enim
1214 2527 1435 2612 peregrinatio

146 2661 156 2675 ·
264 2633 378 2719 gravis
399 2641 532 2718 propter
555 2633 702 2701 delectus
724 2636 985 2698 trecassenorum
1016 2641 1050 2698 et
1070 2634 1318 2698 immensitatem
1339 2631 1435 2696 oalo-

265 2759 353 2823 rum,
375 2746 410 2802 et
428 2738 532 2803 teneri
552 2737 672 2804 milites
695 2739 820 2804 nobiles
839 2738 1066 2823 debilitantur,
1095 2745 1129 2802 et
1147 2737 1273 2802 debiles
1292 2737 1435 2800 Jaroso-

264 2843 386 2931 lymam
409 2844 621 2929 reducuntur,
643 2853 675 2908 et
698 2842 774 2908 inde
794 2845 827 2908 in
848 2844 976 2928 galeam
996 2841 1115 2908 tndrmi
1137 2843 1270 2906 redeunt
1290 2839 1374 2924 (lt),
1398 2850 1436 2905 et

265 2950 340 3016 dum
362 2950 404 3014 ad
425 2970 515 3015 mare
536 2951 689 3033 veniunt,
713 2951 906 3032 moriuntur,
926 2967 988 3014 noc
1022 2948 1179 3012 debilitati
1216 2949 1290 3011 istis
1311 2945 1435 3010 laberi-

263 3056 326 3120 bus
354 3064 491 3138 possunt
530 3056 628 3117 maris
658 3055 854 3135 agitationes
883 3055 1055 3117 sustinere.
1097 3056 1172 3116 Hoc
1201 3051 1286 3114 enim
1307 3057 1434 3114 certum

265 3165 331 3238 est,
362 3154 449 3238 quod
478 3158 698 3242 peregrinabo
724 3157 880 3222 Jordanls
915 3157 1025 3240 plnres
1051 3157 1240 3244 peregrinos
1267 3156 1434 3238 interimit,

213 3333 224 3347 ,
265 3260 321 3344 qui
342 3257 471 3343 quidem
490 3279 555 3324 non
576 3261 754 3324 moriuntur
773 3263 860 3325 eirea
872 3261 1060 3344 Jordanem,
1080 3260 1140 3325 sed
1162 3260 1287 3325 reversi
1306 3258 1435 3325 debiles

264 3365 299 3429 in
319 3363 415 3447 galea
435 3363 606 3448 deliciunt,
624 3365 681 3447 qui
700 3383 873 3449 numquam
901 3366 1116 3450 deiecissent,
1136 3366 1168 3430 sl
1187 3366 1223 3428 in
1246 3363 1434 3428 Jerusalem

264 3469 470 3533 mansissent
501 3468 697 3554 Numquam
716 3469 888 3536 suaderem
916 3471 1013 3539 adoni
1033 3471 1225 3556 peregrino,
1254 3479 1433 3554 quantum-

264 3589 404 3658 cumque
423 3574 514 3658 lorti,
534 3574 568 3637 ln
588 3574 684 3660 cujus
704 3578 810 3641 oculis
830 3577 900 3642 vita
918 3592 980 3639 sna
999 3577 1145 3659 pretiosa
1162 3584 1232 3657 est,
1252 3583 1290 3637 ut
1308 3571 1434 3638 Jorda-

265 3697 340 3742 nem
361 3678 520 3762 visitaret,
542 3681 619 3763 qnia
635 3680 705 3744 vidi
724 3681 835 3765 planas
855 3681 889 3745 in
909 3687 1048 3765 utraque
1068 3679 1327 3765 peregrinatione
1347 3676 1434 3742 detl-

264 3801 341 3848 cere
361 3789 396 3847 et
416 3783 512 3867 mori,
535 3779 721 3849 nobileset'
735 3786 845 3851 fortes.

344 3889 385 3953 In
414 3887 519 3973 pmma
545 3907 618 3953 mea
645 3889 903 3976 peregrinatione
935 3886 1127 3954 deduximus
1150 3905 1250 3954 unum
1270 3889 1432 3972 integrum

265 3991 352 4057 diem
377 3991 533 4078 litigando
553 4009 628 4058 cnm
651 4004 787 4079 patrono
816 4003 849 4058 et
869 3993 1170 4078 tmtsebelmanuo,
1192 4011 1251 4078 pro
1271 4011 1322 4077 oo,
1344 3991 1432 4078 quod

264 4098 417 4164 nolebant
444 4115 507 4162 nos
538 4096 581 4161 ad
599 4097 776 4164 dordanem
808 4097 949 4186 ducere,
976 4109 1009 4163 et
1040 4099 1122 4164 adeo
1151 4099 1231 4165 dure
1259 4107 1371 4163 contra
1391 4113 1432 4160 se

263 4203 395 4269 stabant
414 4203 572 4287 invicem,
596 4205 759 4287 peregrini
781 4213 814 4266 et
832 4211 1009 4287 petronus,
1033 4204 1122 4288 qnod
1149 4201 1301 4283 dentibus
1330 4204 1364 4267 in
1391 4219 1432 4266 aa

190 4299 199 4316 '
263 4307 463 4397 tremebant,
491 4318 525 4376 et
552 4309 663 4375 verbis
690 4309 843 4392 pessimis
870 4325 909 4375 ae
929 4308 1130 4392 lacerabant,
1151 4317 1186 4372 et
1201 4307 1376 4394 opprobria
1396 4317 1432 4373 et
