3202 5218
847 273 911 338 ΝΒ

301 453 362 528 De
386 473 538 528 recessu
568 451 840 552 peregrinorum
862 477 886 528 a
910 461 1033 530 monte
1066 449 1185 552 Synai
1210 451 1322 528 etde
1357 453 1479 530 tribu-

340 570 554 664 lationibus,
578 570 831 647 exactionibus
852 582 893 649 et
917 571 1173 649 vexationibus
1198 572 1318 673 passis
1341 581 1432 650 ante

391 727 393 730 ·
422 715 545 768 eorum
568 713 759 790 egressum
792 703 831 767 et
856 715 1066 792 regressum
1091 693 1128 766 in
1153 690 1350 768 desertum.

383 874 548 938 Vicesima
569 875 708 956 septima
726 875 779 937 die
797 881 875 936 ante
896 875 1000 938 lucem
1021 876 1221 941 surreximus
1241 885 1275 938 et
1296 876 1420 938 lllissas
1441 877 1479 938 in

304 987 416 1044 trustra
447 977 573 1059 capella
603 979 856 1062 celebravimus,
888 980 1006 1063 quibus
1037 980 1211 1044 celebratis
1239 981 1273 1042 iu
1297 979 1476 1044 ecclesiam

303 1083 340 1146 S.
374 1082 571 1146 catharinae
602 1081 830 1146 descendimus
862 1091 895 1146 et
921 1082 1142 1167 indulgentias
1175 1083 1258 1165 (ἢ)
1284 1081 1318 1144 iu
1346 1081 1478 1163 capella

302 1189 420 1252 beatae
439 1185 578 1270 uirginis
599 1184 641 1248 ad
656 1185 785 1271 Rubum
808 1187 903 1250 etad
925 1186 1246 1252 beataeCatharinae
1266 1185 1475 1268 sepulchrum

304 1293 488 1375 accepimus
510 1297 544 1354 et
564 1289 647 1353 locis
667 1292 790 1354 sanctis
812 1290 1011 1356 deosculatis
1043 1292 1205 1355 licentiam
1237 1288 1432 1372 repatriandi
1454 1307 1477 1351 ιι

303 1395 338 1458 S.
361 1394 538 1458 catharina
566 1395 751 1476 accepimus
779 1404 812 1459 et
840 1397 1000 1460 iutlocum
1035 1405 1179 1460 nostrum
1211 1394 1418 1459 ascendimus
1441 1403 1477 1456 et

304 1500 346 1564 ad
369 1517 534 1564 recessm
564 1515 624 1562 nos
646 1498 872 1581 disposuimus.
914 1499 996 1564 Cum
1019 1500 1209 1564 difficultate
1230 1508 1337 1562 antem
1357 1517 1379 1560 a
1400 1517 1476 1562 mc-

306 1605 420 1667 nachis
441 1602 653 1684 obtinuimus,
676 1603 760 1687 quod
783 1611 873 1666 utres
895 1603 937 1667 de
956 1606 1097 1670 cisterna
1119 1605 1304 1682 monasterii
1326 1602 1474 1687 replere-

304 1725 377 1772 mns
398 1723 496 1790 aqua.
532 1705 593 1768 Est
621 1707 705 1768 enim
735 1706 766 1768 in
794 1709 866 1788 ipsa
894 1710 985 1772 curia
1012 1709 1147 1793 mandis
1177 1717 1296 1791 puteus
1324 1717 1357 1770 et
1382 1707 1472 1770 altus

303 1811 415 1892 valde,
446 1811 570 1875 habens
604 1827 708 1894 aquas
735 1829 778 1872 ex
801 1812 900 1874 lhndo
928 1825 1117 1878 emanantes
1138 1824 1171 1878 et
1202 1833 1266 1878 non
1288 1832 1331 1876 ex
1351 1811 1474 1895 pluviis

303 1916 520 1997 confluentes,
559 1914 645 1998 quud
686 1922 795 1978 tamen
833 1935 1007 2000 numquam
1034 1921 1067 1981 in
1098 1918 1205 2000 aliquo
1235 1918 1306 1982 loco
1339 1917 1474 1980 orientis

301 2020 385 2102 vidi,
407 2022 470 2084 nisi
491 2021 546 2088 ibi.
588 2019 707 2082 Dicunt
729 2029 853 2102 autem,
875 2024 1015 2104 hloysen
1037 2023 1124 2086 hunc
1145 2032 1276 2105 puteum
1295 2019 1418 2083 fodisse
1440 2027 1476 2080 et

301 2126 501 2192 orationibus
522 2141 625 2207 aquas
647 2133 835 2187 emanantes
856 2135 1049 2206 penetrasse
1069 2145 1128 2209 pro
1149 2126 1258 2208 populi
1288 2122 1389 2187 lsrael
1411 2141 1474 2184 so·

303 2229 392 2299 latio.
425 2233 521 2293 Hanc
542 2239 649 2292 autom
675 2237 776 2292 artem
801 2228 943 2292 fodiendi
965 2240 1083 2313 puteos
1103 2232 1240 2314 Moyses
1261 2229 1296 2291 iu
1317 2227 1474 2308 Aegypto

304 2333 431 2414 didicit,
453 2333 529 2417 quia
550 2332 628 2397 dicit
645 2333 770 2396 Plinius
792 2330 834 2395 de
855 2332 1006 2396 Naturali
1027 2336 1191 2409 Historia,
1214 2331 1300 2418 quod
1324 2332 1471 2410 Danaus,

302 2437 373 2499 Beli
395 2435 498 2518 illius,
520 2439 644 2518 primus
664 2447 780 2519 puteos
807 2439 840 2500 iu
862 2437 1017 2520 Aegypto
1039 2439 1119 2502 fodit
1148 2447 1183 2502 et
1212 2437 1289 2501 inde
1309 2435 1474 2516 navigans

304 2543 337 2603 in
360 2537 532 2604 Graeciam
564 2540 649 2605 idem
675 2542 823 2606 similitor
852 2541 928 2604 iecit
959 2551 990 2606 et
1016 2546 1056 2606 ab
1088 2561 1128 2608 ea
1148 2545 1182 2605 in
1214 2542 1297 2606 alias
1319 2539 1473 2620 regiones

303 2648 417 2710 notitia
439 2647 521 2710 haec
543 2646 684 2713 devenit.

387 2750 547 2815 videntes
569 2729 675 2817 autom
697 2753 841 2836 Arabes,
873 2753 960 2838 quod
982 2754 1023 2818 ad
1046 2773 1211 2819 recessum
1233 2769 1295 2817 nos
1316 2751 1474 2832 dispono-

304 2875 411 2922 remus
422 2903 432 2940 ,
461 2859 547 2922 misit
569 2858 758 2942 capitaneus
778 2876 894 2928 ‚eorum
915 2859 957 2921 ad
976 2877 1037 2922 nos
1057 2856 1222 2940 famulum,
1243 2857 1376 2920 armans
1397 2869 1475 2933 uos,

303 2978 345 3024 ue
366 2961 478 3044 egredi
499 2960 540 3024 de
562 2963 633 3026 loco
655 2973 766 3026 nostru
787 2981 1084 3045 praesumeremus,
1111 2964 1178 3044 nisi
1200 2963 1291 3046 prins
1312 2961 1342 3022 oi
1368 2957 1473 3026 satis-

303 3065 422 3128 factum
445 3074 542 3129 emet.
575 3068 657 3131 Post
677 3066 795 3130 multas
815 3085 894 3150 ergo
917 3068 1143 3150 placitationes
1163 3067 1290 3150 aliquos
1312 3065 1343 3127 oi
1365 3062 1471 3126 duca·

303 3178 353 3230 tos
371 3168 519 3232 dedimus
540 3179 574 3232 et
603 3170 757 3233 liberatos
778 3188 839 3232 nos
866 3171 1110 3236 aestimavimus
1133 3180 1166 3234 et
1197 3169 1387 3234 camelarios
1408 3185 1472 3230 ex-

303 3275 545 3354 spectavlmus,
566 3274 621 3356 qni
642 3272 697 3336 diu
721 3273 937 3338 tardabantur.
970 3276 1112 3366 Tandem
1135 3286 1240 3339 autem
1262 3276 1353 3339 uenit
1373 3289 1472 3355 uuus,

300 3375 442 3439 camelos
464 3393 539 3438 esse
559 3386 813 3459 praeoccupatos
834 3379 875 3441 ab
901 3383 1050 3462 armatis,
1071 3399 1134 3443 uec
1155 3378 1314 3444 dimittere
1333 3378 1472 3457 vellent,

301 3481 364 3544 uisi
403 3479 573 3564 pedagium
616 3498 674 3562 pru
706 3481 755 3544 eis
786 3482 999 3549 solveremus.
1060 3485 1104 3548 lut
1136 3489 1352 3549 conventione
1384 3481 1473 3546 iacta

303 3603 375 3649 cum
419 3587 469 3648 eis
514 3585 653 3670 pecunia
700 3587 842 3651 camelus
897 3588 1101 3658 redemimus.
1160 3575 1328 3654 Venerunt
1371 3589 1473 3652 eu'un

300 3691 443 3773 asinarii,
466 3689 623 3775 dicentes,
643 3691 753 3754 asiuos
773 3709 849 3756 esse
870 3694 1043 3758 conclusos
1065 3713 1084 3756 a
1106 3695 1244 3778 paganis
1266 3703 1384 3758 elnon
1407 3692 1474 3754 nisi

300 3797 441 3878 pecunia
463 3794 675 3859 redimendos.
710 3795 767 3860 Sic
789 3815 868 3882 crgo
885 3799 1003 3863 bursas
1028 3800 1179 3864 continue
1201 3808 1332 3884 apertas
1352 3797 1473 3862 habui-

299 3916 387 3984 mus,
417 3901 503 3982 quud
530 3917 670 3964 necesse
693 3901 753 3964 init
782 3901 824 3965 ad
854 3903 1072 3968 redimendum
1104 3920 1206 3966 noea
1233 3901 1472 3969 vexationibus.

297 4005 386 4069 Misit
407 4006 532 4068 interea
553 4013 646 4088 pater
666 4009 853 4069 monasterii
882 4007 923 4070 ad
953 4027 1014 4072 uos
1049 4024 1269 4090 conquerens,
1302 4003 1387 4090 quod
1408 4003 1473 4066 ali-

297 4111 371 4195 quis
392 4109 435 4173 de
455 4109 549 4173 uobis
580 4107 623 4171 de
650 4109 761 4172 tumba
789 4109 825 4172 S.
848 4111 1042 4176 catharinae
1070 4110 1259 4194 particulam
1289 4111 1394 4174 terreo
1414 4110 1472 4170 iu-

297 4222 477 4280 strumenta
502 4211 716 4296 abscidisset,
738 4231 834 4298 quam
866 4217 896 4277 si
917 4216 1098 4279 voluntarie
1130 4218 1300 4280 restituere
1321 4213 1471 4277 tardare-

296 4339 383 4402 mus,
410 4319 451 4384 ad
472 4319 580 4385 statim
604 4318 708 4384 coacti
728 4336 788 4401 per
808 4319 946 4404 Arabes,
965 4322 1081 4404 quibus
1102 4337 1253 4384 caussam
1270 4320 1473 4384 committere
