3232 5218
608 300 614 330 ,
740 229 802 296 18³

176 402 306 493 antem,
327 430 380 476 ms
396 411 500 476 solnm
531 427 607 474 esse
629 408 779 474 iussero
801 427 924 494 specu,
946 427 1025 492 prae
1039 408 1158 493 gaudio
1180 409 1261 474 dixi:
1283 411 1351 474 Be-

178 517 330 580 nedictus
339 516 509 599 Dominus,
528 523 561 578 ot
583 513 752 578 benedicta
772 517 838 577 sint
856 515 964 578 omnia
982 513 1211 598 impedimenta
1232 516 1350 596 qnietis

178 633 212 688 et
232 624 339 700 somni
367 623 446 704 mei,
478 628 609 703 propter
630 637 715 702 qnae
737 617 874 702 adeptus
903 618 1068 686 celebrare
1096 617 1349 700 jucundissimos

177 728 310 810 vigilias
338 726 380 790 ad
412 724 633 789 dulcissimum
664 721 787 787 Christi
819 725 1021 800 cunabulum.
1072 722 1158 787 Dedi
1186 740 1263 805 ergo
1297 741 1349 786 me

177 833 285 896 noris
306 831 444 914 vigiliis,
467 839 500 892 et
522 827 638 892 melius
656 846 720 911 qno
741 829 831 912 potui
859 837 892 890 et
913 830 996 892 sclvi
1026 830 1123 892 horas
1151 828 1236 908 istas
1257 835 1348 889 tran-

176 936 262 1019 segi,
274 934 506 1000 devotissimos
526 935 612 996 enim
633 940 668 995 et
689 931 896 996 dulcissimus
918 943 969 998 est
985 934 1077 998 locus
1094 935 1170 1010 iste,
1191 940 1348 1016 utsupra
1426 985 1438 1010 ,

177 1041 299 1124 patuit,
321 1049 353 1104 et
374 1040 508 1124 vigiliae
529 1039 617 1100 circa
638 1055 712 1100 enm
733 1046 810 1104 sunt
833 1036 1043 1102 delectabiles
1063 1050 1096 1103 at
1117 1040 1222 1113 leves.

250 1273 454 1350 Processns
478 1272 530 1350 ad·
549 1273 650 1364 loca,
683 1295 776 1371 quac
808 1283 1025 1384 sequnntur,
1058 1273 1107 1349 ad
1142 1277 1275 1375 (qnae)

393 1393 625 1469 communiter
645 1393 827 1494 peregrini
851 1416 922 1468 non
946 1395 1132 1472 ducuntur.
1177 1501 1180 1508 Ι

260 1571 364 1638 Sexta
393 1574 519 1639 decima
549 1574 612 1666 die,
634 1593 727 1638 mans
757 1575 993 1642 celebravimus
1014 1577 1140 1642 Missas
1167 1580 1208 1654 ‚in
1237 1597 1345 1664 specu

175 1680 399 1763 sanctissimo,
424 1688 460 1741 at
488 1687 562 1760 post
581 1679 706 1744 hiissas
729 1681 771 1746 sd
796 1681 902 1744 locum
930 1691 1096 1765 pastorum
1125 1683 1346 1768 ascendimus,

175 1783 299 1867 dequo
321 1784 394 1848 loco
415 1783 537 1846 dictum
559 1791 611 1846 ast
631 1784 686 1846 fol.
711 1784 774 1851 173
794 1785 847 1868 Δ.,
875 1795 907 1861 et
938 1789 982 1850 ibi
1005 1785 1119 1851 Gloria
1145 1790 1179 1851 in
1202 1790 1344 1853 excelsis

175 1891 379 1952 cantavimus
399 1907 472 1952 curn
494 1888 630 1972 angelis.
673 1889 754 1952 Post
777 1889 840 1952 hoc
865 1891 1105 1955 raascorrdimns
1127 1893 1160 1954 iu
1179 1894 1345 1956 civitatem

174 1991 364 2056 Bethlehem
408 2001 440 2056 et
476 1994 583 2076 ipsam
616 1993 776 2056 curiosius
804 1995 1014 2058 lustravimus
1046 2006 1079 2058 et
1106 1996 1147 2059 ad
1177 1997 1345 2078 prandium

176 2097 309 2160 itatrnnr
330 2099 471 2180 ingressi
492 2115 605 2162 snruns
627 2099 865 2160 monasterinm.
907 2087 1016 2178 (249
1041 2098 1094 2180 A)
1116 2099 1216 2162 Porro
1249 2111 1344 2164 arite-

175 2219 272 2284 quam
284 2201 322 2264 ad
333 2202 524 2285 capiendum
537 2203 642 2267 cihnm
660 2201 789 2284 iremus,
809 2204 842 2263 iu
856 2201 949 2265 horto
964 2205 1106 2265 ambitus
1121 2203 1343 2286 transivimus,

175 2307 210 2368 in
232 2325 295 2390 quc
317 2305 449 2370 luorum
470 2304 643 2389 sepulchra
664 2305 789 2368 illorum
811 2307 905 2369 trium
927 2307 1099 2386 homiuum,
1123 2308 1178 2389 qui
1199 2307 1344 2370 resusci-

177 2413 237 2473 tati
271 2411 400 2475 fuerunt
435 2421 467 2474 et
496 2429 569 2474 oum
604 2409 745 2472 Eusebio
775 2409 916 2492 reducti,
948 2420 983 2474 nt
1003 2414 1038 2473 in
1068 2410 1205 2494 epistola
1227 2409 1343 2493 Cyrilli

177 2515 321 2598 episcopi
366 2515 638 2598 ‚ierosolymitani
681 2513 721 2576 ad
757 2514 976 2598 Angustiunm
1024 2515 1202 2600 [legiturJ.
1262 2517 1344 2580 Post

175 2619 342 2702 prandium
365 2619 579 2682 valefecimus
600 2618 684 2700 patri
708 2615 870 2682 Gordiano
903 2630 934 2682 ct
958 2620 1110 2685 fratribus
1141 2630 1172 2682 et
1190 2620 1342 2703 oppidum

174 2723 364 2787 Bethlehem
387 2724 526 2807 ingressi
547 2740 660 2786 snmus
681 2721 724 2785 ad
745 2723 905 2806 quendam
936 2723 1157 2788 Christianum
1172 2729 1365 2806 graecum„

175 2847 274 2892 uuum
295 2828 337 2893 de
358 2829 520 2910 fratrlbns,
542 2828 597 2910 qni
618 2844 743 2889 mecum
773 2837 841 2890 erat
868 2836 975 2890 notus.
1026 2829 1090 2891 Hic
1126 2827 1246 2909 andito,
1275 2847 1340 2910 qno

175 2948 312 3016 pergere
343 2932 598 3012 intenderemus,
620 2931 798 3004 ,concessit
826 2931 920 2994 nobis
951 2940 1088 3013 quatuor
1115 2933 1242 3014 asinos,
1274 2940 1343 2995 tres

177 3055 237 3121 pro
263 3039 365 3121 nohis,
388 3047 422 3100 et
438 3045 589 3121 quartum
608 3053 666 3117 pro
692 3034 848 3114 filiosuo,
871 3054 966 3115 qnam
988 3037 1075 3098 misit
1097 3036 1266 3100 nobiscum
1298 3034 1341 3100 ad
1454 3071 1456 3074 ·

175 3142 381 3206 serviendum
410 3142 503 3206 nobis
524 3147 575 3204 est
597 3139 720 3202 hostiis.
763 3139 981 3210 Ascendimus
1003 3159 1081 3230 ergo
1103 3141 1225 3204 bestias
1244 3150 1277 3204 et
1298 3141 1340 3205 ds

176 3255 285 3310 monte
301 3247 489 3311 Bethlehem
523 3244 750 3311 descendimus
776 3263 834 3327 per
866 3244 1006 3327 clivum,
1036 3254 1194 3330 gyrantes
1227 3255 1340 3308 contra

173 3359 318 3414 anstrum
341 3368 439 3434 snper
460 3350 584 3431 ornate,
610 3368 668 3432 per
691 3348 777 3434 qnod
799 3368 904 3433 aquae
924 3351 1147 3414 inJerusalem
1169 3350 1338 3415 ducuntur.

174 3453 228 3518 Ad
254 3454 366 3519 villam
397 3463 503 3518 autern
535 3453 697 3537 quandam
729 3456 893 3536 vonimus,
926 3457 1056 3518 nomine
1076 3455 1218 3538 Bethyr,
1245 3454 1340 3537 juxta

173 3577 270 3644 qnam
291 3568 382 3622 tanta
402 3559 580 3630 amoenitas
603 3570 663 3640 est,
685 3568 836 3643 quantam
859 3579 923 3624 non
944 3559 1013 3622 vidi
1030 3577 1088 3644 per
1101 3567 1199 3622 totam
1222 3568 1338 3621 terram

174 3669 331 3728 unctam.
373 3666 434 3728 Est
455 3667 540 3726 enirn
562 3663 647 3727 infra
668 3664 777 3727 villam
799 3673 868 3726 tcta
889 3664 984 3728 vallis
1008 3660 1144 3726 densata
1166 3662 1340 3727 fructiferis

175 3767 273 3851 lignis
307 3777 340 3831 et
358 3769 480 3832 diversi
500 3769 631 3850 generis
651 3769 829 3850 arborihns,
863 3787 902 3831 ac
929 3769 960 3832 si
988 3778 1078 3834 esset
1104 3767 1197 3830 silva.
1242 3768 1339 3831 lluno

174 3872 300 3936 hortum
321 3873 456 3936 credunt
467 3873 672 3936 Salomonem
685 3873 869 3956 plantasse,
887 3882 917 3937 ct
939 3874 983 3936 ihi
1004 3867 1130 3936 hortnoi
1154 3870 1337 3934 deliciarum

173 3975 290 4058 falsu,
310 3976 352 4040 da
370 3996 434 4062 qno
455 3977 532 4042 dicit
556 3977 748 4042 Ecclesiast.
785 3975 831 4038 ⁷.:
867 3978 966 4060 feci,
986 3977 1099 4061 inquit,
1121 3976 1198 4040 mihi
1226 3975 1337 4038 homos

173 4087 205 4141 et
226 4083 389 4163 moesia
409 4092 442 4144 at
461 4083 597 4146 consevi
617 4099 657 4145 aa
678 4082 787 4146 cuncti
808 4085 939 4164 generis
960 4083 1137 4147 arboribus.
1180 4079 1233 4143 Ad
1250 4079 1337 4142 hnno

171 4182 297 4248 hortum
318 4186 496 4250 vehebatur
516 4186 647 4278 Salop
671 4206 771 4251 aureo
803 4206 919 4269 curru,
953 4183 1171 4250 circumdatus
1200 4181 1336 4247 armatis

167 4287 354 4372 juvenibus,
376 4291 505 4376 qnarrdo
525 4293 746 4376 voluptatibus
766 4310 896 4374 operam
920 4290 995 4353 dare
1013 4291 1173 4372 cupiebat,
1195 4295 1232 4350 ut
1257 4285 1337 4348 dicit
