3232 5218
739 374 744 382 ι
856 317 922 384 m

304 505 396 569 stetit
416 505 450 568 iu
467 501 616 567 manibus
637 497 808 586 gentilium
837 521 898 586 por
928 519 1032 565 armos
1059 501 1190 566 uirottm
1218 492 1475 583 quadringentos

304 605 476 694 sex'a'giuta
495 596 550 671 vel
571 598 777 672 CCCCXC(
796 605 924 671 Octavo
953 595 1053 690 igitur
1085 605 1139 688 die
1168 601 1367 669 liberationis
1388 596 1476 668 eivi-

305 717 382 778 tatis
399 706 583 777 Jerusalem
604 722 827 777 convenerunt
847 714 1011 797 principes
1032 710 1194 792 viotores,
1216 705 1253 771 nt'
1274 705 1414 793 aliquem
1433 709 1476 774 de

306 835 367 884 suo
388 820 528 902 collegio
549 819 723 900 eligerent,
754 818 810 901 qni
831 819 955 900 regioni
986 811 1155 899 praeesset
1175 823 1209 878 et
1229 817 1351 898 regiam
1382 815 1477 879 solli·
1518 865 1521 870 ,

172 997 176 1005 ⁸
281 967 285 975 -
305 924 478 988 citudinem
497 916 699 1006 impenderet
719 913 908 1006 provinciae
929 923 1126 1007 acquisitae,
1157 922 1375 1004 luvocataque
1394 919 1476 1004 Spi-

305 1031 387 1094 ritus
408 1031 514 1094 sancti
534 1030 640 1112 gratia
660 1034 880 1091 consonantes
902 1026 944 1088 ad
976 1027 1116 1089 invicem
1140 1041 1241 1108 saepe
1272 1026 1392 1090 diotum
1414 1026 1476 1090 do-

305 1136 426 1199 minum
449 1133 653 1199 Gotblridnm
681 1133 912 1214 hetbaringiae
942 1131 1057 1195 ducem
1085 1131 1276 1193 unanimiter
1306 1131 1477 1213 elegerunt

305 1244 338 1305 iu
361 1260 488 1324 regem,
517 1249 550 1304 et
571 1257 592 1300 a
611 1238 768 1301 militibus
797 1227 942 1302 uomens
962 1238 995 1299 in
1011 1239 1141 1320 ¹regium
1177 1235 1304 1300 delatus
1335 1254 1393 1299 rex
1412 1238 1477 1301 Je-

305 1346 445 1410 rusalem
466 1345 665 1426 decernitur,
689 1345 904 1426 regnavitque
926 1361 1010 1405 anuo
1038 1341 1136 1405 uuo.x

389 1451 455 1513 llic
477 1437 670 1514 Gothlridus
692 1448 754 1510 luit
785 1447 826 1510 do
857 1466 967 1532 reguo·
978 1448 1192 1529 Francorum,
1212 1447 1378 1529 provincia
1404 1445 1478 1510 rto-

246 1539 248 1544 *
305 1555 447 1638 mensi,
473 1555 604 1639 civitate
627 1554 788 1640 ,llolonia,
821 1563 931 1617 eomes
970 1551 1144 1637 Gallariae.
1187 1551 1268 1633 llljus
1296 1559 1388 1634 pater
1414 1550 1479 1613 luit

192 1691 195 1699 ·
306 1657 455 1722 dominus
475 1659 688 1742 Eustachius,
710 1669 812 1722 mater
833 1675 922 1743 vero,
946 1657 1022 1722 Yda
1043 1657 1148 1740 dicta,
1170 1675 1265 1750 soror
1284 1654 1376 1727 (luds
1402 1653 1478 1718 {ro-

175 1771 179 1780 '
272 1765 497 1846 ..thuringiae
543 1761 705 1847 Quillux
745 1769 818 1826 tum
845 1768 941 1832 {esset
963 1765 1035 1850 sine
1051 1763 1191 1844 liberis,
1213 1761 1299 1824 bunc
1327 1768 1478 1842 nepetam

308 1887 403 1931 snum
426 1866 635 1932 Gotblridum
658 1871 692 1931 in
714 1886 807 1931 sunm
830 1868 931 1931 illium
953 1867 1130 1950 adoptavit,
1152 1882 1265 1929 verum
1287 1866 1400 1929 eodem
1417 1863 1479 1926 de-

308 1972 419 2035 functo
440 1972 487 2035 illi
507 1974 541 2034 iu
570 1973 938 2056 ducatulrothariugiae
960 1973 1148 2067 successit,
1181 1981 1314 2056 eratque
1335 1970 1401 2034 dux
1421 1970 1478 2034 ille

194 2159 198 2166 ⁵
291 2077 599 2160 praeclarissimus,
620 2079 673 2141 vir
695 2077 883 2172 religiosus,
905 2078 1049 2141 clemens
1056 2118 1069 2154 ,
1092 2079 1184 2160 pius,
1215 2076 1345 2159 justus,
1367 2077 1475 2138 serius

307 2184 341 2242 iu
362 2181 464 2244 verbo
486 2190 519 2244 et
548 2183 692 2266 stabilis,
730 2183 854 2246 saeculi
884 2190 1096 2245 contemnens
1128 2182 1307 2263 vanitates,
1335 2178 1420 2264 quod
1442 2181 1478 2241 lu

288 2285 364 2348 'illa
385 2293 495 2348 aetate
521 2290 712 2368 praesertim
744 2289 778 2351 iu
800 2288 928 2350 militari
950 2286 1155 2370 professione
1175 2305 1281 2348 rarum
1303 2294 1365 2347 est.
1399 2283 1478 2348 lluit

307 2399 472 2474 praeterea
493 2392 527 2453 iu
548 2394 747 2456 orationibus
772 2393 878 2475 jugis,
909 2393 943 2453 in
969 2393 1124 2475 'operibus
1150 2391 1281 2474 pietatis
1310 2389 1475 2470 assiduus,

308 2503 379 2556 erat
410 2495 508 2556 etiam
539 2493 711 2560 affabiliter
740 2497 881 2580 insignis
923 2504 956 2558 et
993 2495 1165 2558 liberaliter
1205 2497 1384 2577 gratiosus,
1417 2494 1478 2560 fuit
1511 2499 1513 2502 ’

309 2599 405 2661 etiam
428 2616 562 2682 corpore
590 2601 724 2682 pulcher
769 2611 801 2664 et
823 2619 978 2683 magnus,
1010 2600 1178 2682 robustus,
1215 2600 1299 2663 faeie
1329 2608 1478 2682 venusta,

309 2703 426 2788 capillo
445 2703 486 2766 'et
506 2704 605 2768 barba
627 2707 752 2788 flavus,
774 2707 808 2769 iu
839 2725 901 2769 usu
933 2723 1092 2768 armorum
1114 2711 1147 2766 et
1168 2704 1322 2767 exercitio
1351 2704 1480 2767 militari

309 2809 449 2872 omnium
467 2807 589 2906 judicio
618 2811 712 2893 quasi
738 2811 929 2894 singurlaris,
963 2809 1034 2891 ejus
1063 2827 1161 2892 opera
1187 2827 1316 2893 semper
1347 2809 1479 2872 fuerunt

309 2913 482 3000 magnilica
499 2925 532 2979 ot
554 2915 766 2979 admiratione
788 2915 896 3000 digua.
929 2915 1023 2980 Unde
1044 2913 1181 2998 quadam
1201 2918 1277 2976 vice
1290 2917 1373 2978 sieut
1395 2915 1478 2976 alter

310 3017 450 3082 Samson
472 3028 527 3083 ant
549 3019 672 3101 David,
694 3039 873 3103 aggressus
895 3021 1019 3084 leonem
1043 3019 1201 3083 furentem
1229 3018 1407 3102 interiecit,
1442 3027 1479 3081 nt

310 3122 428 3187 dicitur
456 3124 489 3185 iu
527 3123 698 3186 Fasoieuio
731 3133 918 3207 temporum.
965 3123 1135 3186 Promotus
1167 3129 1276 3185 autem
1304 3125 1338 3187 iu
1367 3139 1476 3206 regem

303 3227 494 3290 usmsotem
517 3228 610 3308 regui
640 3227 768 3292 titulum
789 3229 867 3291 licet
894 3246 960 3291 non
982 3227 1155 3308 abnuerat,
1189 3245 1337 3292 eoronam
1370 3235 1478 3288 tamen

311 3348 440 3393 auream
463 3330 592 3412 rejecit,
619 3330 748 3414 dicens,
770 3331 937 3415 iudignum
959 3349 1053 3413 esse,
1085 3332 1247 3394 bominem
1269 3330 1477 3396 christianum

310 3434 378 3497 lllic
399 3435 488 3519 regio
518 3443 551 3497 et
573 3453 670 3498 aureo
705 3434 886 3499 diademate
906 3438 971 3519 uti,
1003 3437 1058 3498 ubi
1090 3433 1242 3499 Christus
1277 3456 1335 3499 rex
1364 3453 1478 3517 regum

309 3539 456 3631 spineam
476 3557 626 3604 coronam
647 3558 704 3622 pro
720 3540 851 3604 hnmani
867 3541 998 3624 generis
1016 3539 1213 3604 redemtione
1234 3540 1374 3624 pertulit,
1392 3537 1480 3602 uude

310 3642 439 3724 quidam
479 3647 586 3706 minus
617 3644 777 3708 humiliter
807 3647 986 3709 sentientes
1024 3664 1096 3708 eum
1128 3647 1162 3708 iu
1183 3647 1333 3729 catalogo
1365 3661 1478 3727 regum

310 3747 596 3831 hierosulymorum
618 3749 789 3812 latinorum
811 3767 876 3812 non
896 3758 1140 3813 connumerant.
1183 3751 1265 3814 blibi
1285 3759 1392 3813 autem
1414 3765 1478 3809 nou

309 3849 414 3916 solum
448 3871 506 3916 rex
545 3854 605 3934 sed
632 3873 743 3937 regum
774 3855 932 3937 optimus,
959 3853 1069 3917 lumen
1090 3863 1122 3917 et
1151 3856 1318 3938 speculum
1349 3851 1479 3916 videtur

310 3955 461 4040 aliorum,
494 3961 664 4022 nonenim
687 3957 945 4022 moseorationts
970 3977 1087 4022 munus
1107 3963 1276 4044 sprevisse
1296 3954 1479 4022 credendus

309 4070 377 4143 est,
399 4061 459 4125 sed
476 4080 623 4146 pompam
645 4063 779 4146 saeculi,
801 4063 972 4146 periturum
996 4064 1157 4127 humiliter
1177 4064 1361 4128 declinasse
1381 4077 1478 4123 coro-
1560 4143 1571 4153 =

309 4183 396 4242 uam,
418 4174 454 4229 ut
474 4167 770 4235 immarcessibilem
792 4167 868 4230 alibi
889 4178 1152 4249 consequeretur.
1180 4171 1356 4253 Postquam
1376 4167 1479 4249 igitur

308 4268 380 4334 lieo
400 4268 538 4334 devotus
568 4272 720 4354 princeps
755 4291 891 4355 regnum
922 4273 1077 4356 obtinuit,
1108 4276 1195 4340 siout
1222 4277 1274 4338 vir
1304 4272 1478 4356 religiosus

308 4385 394 4460 erat,
423 4377 530 4444 statim
560 4375 653 4460 regui
673 4375 726 4440 sui
755 4376 893 4449 Domino
915 4379 1021 4462 coepit
1044 4378 1163 4444 offerre
1192 4377 1369 4464 primitias,
1402 4393 1478 4440 uam
