3202 5218
747 311 812 378 475

189 497 331 560 laborem
353 503 387 557 et
408 489 528 574 fatigas
554 492 589 556 in
610 489 804 574 protundum
822 489 972 556 vmlmus
992 491 1035 555 ad
1053 492 1280 556 macenariam
1302 491 1363 556 xta

189 599 376 667 sanctorum
392 615 498 682 paene
510 595 705 660 discalceati.
728 594 814 658 Nam
826 602 985 658 uoeusus
1001 603 1035 658 et
1048 595 1227 660 descensus
1239 596 1365 662 illomm

190 693 325 768 ducrum
344 702 498 765 mentium
513 699 745 782 depauperavit
765 717 826 762 nos
840 698 946 782 quoad
972 698 1201 784 calceamenta,
1218 701 1265 764 ita
1277 699 1365 785 quod

189 808 289 890 aliqui
307 806 426 870 milites
444 805 560 868 abhinc
576 803 681 886 u'sque
694 803 736 867 ad
748 801 901 866 Calrirum
918 802 1229 867 sinecalcearnentis
1243 814 1364 888 ment,

191 911 246 974 alii
262 929 341 974 vero
361 909 586 973 calceamenta
597 910 671 970 sine
698 906 799 971 soleis
816 907 977 971 habebant
996 914 1098 990 rapta.
1129 906 1215 970 Nam
1233 907 1365 972 calcem

191 1023 332 1078 mentum
357 1031 476 1077 novum
498 1013 557 1074 vix
588 1009 710 1074 sufficit
741 1029 800 1094 pro
834 1025 973 1074 ucensu
995 1020 1027 1074 et
1050 1010 1211 1075 descensu
1238 1012 1364 1076 illorum

107 1159 110 1164 ,
191 1117 325 1183 duorum
346 1117 511 1198 montium,
535 1115 598 1177 et
589 1133 622 1178 ιιι
644 1115 708 1179 lroc
726 1133 791 1177 non
815 1113 998 1176 leceramus
1020 1113 1114 1178 nobis
1136 1116 1366 1199 provisionem

191 1222 416 1286 sufficientem.
452 1221 490 1282 ln
516 1218 573 1282 illo
596 1227 703 1281 tamen
727 1219 886 1281 fortunam
908 1216 994 1280 hano
1021 1217 1135 1303 habui,
1158 1219 1286 1301 quando
1322 1219 1365 1283 de

191 1326 385 1389 monasterio
417 1323 452 1386 S.
478 1323 675 1389 catharinae
707 1287 819 1405 egredi
840 1320 1030 1408 volebamus
1060 1322 1102 1386 ad
1123 1305 1363 1388 ascendendum
1414 1351 1418 1362 ·

190 1438 327 1495 montes.
350 1429 443 1492 Unus
455 1427 548 1490 miles
563 1425 604 1488 de
617 1425 752 1488 infirmis
768 1399 1005 1488 remanentibus
1019 1425 1149 1506 protulit
1160 1428 1364 1490 calceamen-

190 1541 255 1597 tum
279 1551 410 1614 novum,
430 1529 517 1615 quod
537 1531 572 1592 in
591 1529 774 1593 Jerusalem
796 1531 1052 1612 comparaverat,
1075 1530 1116 1594 de
1137 1532 1224 1596 corio
1247 1532 1363 1614 glauco

188 1637 244 1698 vel
265 1636 346 1719 gilio
363 1637 514 1717 pretioso,
536 1633 667 1697 diceus:
692 1649 788 1714 ecce,
810 1631 908 1694 irater
928 1631 1041 1714 Felix,
1062 1633 1125 1696 hoc
1155 1635 1362 1701 ealoeeman·

191 1749 257 1802 tum
275 1741 350 1819 erni,
371 1746 404 1800 ut
426 1739 461 1800 in
481 1735 521 1800 ed
543 1725 668 1822 montes
695 1745 828 1831 sanctos
849 1735 1038 1799 scanderem
1049 1780 1060 1819 ,
1075 1737 1135 1799 sed
1156 1756 1198 1800 err
1218 1756 1282 1820 quo
1301 1755 1362 1802 as-

192 1843 331 1906 cendere
361 1859 426 1903 nou
446 1859 598 1924 possum,
620 1841 758 1922 accipito
789 1857 850 1904 vos
880 1857 1003 1922 quaeso
1035 1847 1069 1902 at
1101 1842 1287 1923 participem
1310 1861 1362 1906 me
1502 1897 1508 1906 .

193 1946 292 2012 facite
319 1963 493 2028 passuum,
524 1961 607 2027 quos
640 1946 674 2004 in
705 1962 744 2007 ec
776 1943 923 2006 lecturus
943 1945 1032 2006 estis.
1077 1942 1159 2008 Cum
1187 1947 1362 2027 gratiarum

191 2067 270 2133 ergo
291 2052 419 2112 actione
440 2048 530 2112 indui
551 2046 803 2111 calceamentum
824 2066 944 2112 novum
965 2048 1102 2131 pedibus
1123 2051 1214 2130 meis
1240 2067 1282 2110 en
1305 2067 1362 2111 es-

193 2164 244 2218 set
267 2155 350 2222 bene
371 2152 654 2236 proportionatum,
675 2161 708 2214 et
733 2161 876 2216 nostrum
898 2161 1061 2216 vetustum
1083 2163 1115 2216 et
1129 2133 1205 2214 ⁴lore
1233 2154 1362 2234 penitus

192 2259 351 2323 dissutum
383 2260 415 2321 in
437 2275 566 2320 camera
587 2256 720 2338 reliqui,
742 2255 826 2340 quod
852 2276 911 2340 pro
942 2265 1030 2320 certo
1060 2257 1118 2320 virr
1146 2255 1297 2319 durasset
1319 2253 1361 2320 ad

193 2363 286 2445 primi
308 2364 430 2425 montis
451 2379 634 2424 ascensum.
676 2359 854 2444 Postquam
876 2379 954 2443 ergo
984 2361 1017 2423 in
1043 2363 1270 2428 monasterium
1298 2359 1361 2422 xta
1432 2439 1435 2448 ‚

190 2476 376 2532 sanctorum
410 2467 578 2547 venimus,
599 2463 683 2529 ollas
715 2485 774 2549 pro
804 2463 939 2549 prandio
972 2465 1119 2528 coximus
1150 2473 1183 2526 et
1215 2465 1362 2526 misimus

190 2571 350 2634 asinarias
370 2580 501 2634 nestros
521 2570 563 2633 ad
585 2573 812 2635 monasterium
828 2567 865 2630 S.
882 2568 1088 2652 catharinae,
1109 2577 1145 2630 ut
1165 2567 1361 2631 adducerent

194 2675 289 2737 nobis
319 2675 430 2737 asinos
462 2685 607 2759 nostros,
630 2675 706 2760 quia
737 2672 901 2736 ambulare
934 2673 1072 2755 amplius
1105 2690 1170 2734 non
1199 2672 1361 2754 potuimus

192 2787 323 2861 propter
343 2777 565 2842 lassitudinem
596 2788 628 2841 et
655 2786 785 2861 proptor
809 2775 971 2838 delectum
1009 2775 1298 2839 caloemeutorum
1327 2783 1360 2842 et

191 2891 320 2963 propter
340 2882 419 2945 solis
440 2883 608 2946 fervorem.

191 3041 365 3120 visitatio
413 3045 575 3123 locorum
604 3045 642 3121 in
674 3041 893 3118 monasterio
915 3052 955 3119 et
984 3052 1091 3119 extra
1122 3064 1190 3144 per
1221 3037 1360 3118 hortos.

272 3191 410 3257 Peracto
430 3193 565 3278 prandio
584 3193 824 3276 processionem
856 3192 992 3255 fecimus
1020 3189 1061 3254 ad
1082 3192 1268 3254 monasterii
1289 3191 1362 3255 loca

192 3302 226 3356 et
250 3299 352 3378 primo
372 3299 512 3384 ingressi
538 3298 710 3360 ecclesiam
731 3298 884 3382 prostrati
905 3297 1068 3359 oravimus
1090 3304 1123 3358 et
1143 3295 1361 3380 indulgentias

190 3402 458 3487 accepimus(†).
493 3403 576 3466 Sunt
588 3405 672 3466 enim
694 3401 728 3463 iu
748 3420 788 3464 ea
801 3401 948 3465 tumulati
962 3399 1024 3462 llll
1044 3401 1193 3464 monachi
1218 3419 1282 3483 pro·
1296 3400 1361 3463 lide

190 3495 314 3566 chmel
334 3505 367 3565 in
388 3509 583 3570 monasterio
609 3507 650 3569 ab
671 3506 834 3569 ,trabibus
861 3507 999 3588 paganis
1026 3503 1164 3568 diversis
1192 3506 1362 3568 tormentis

191 3601 358 3670 interiecti
378 3618 412 3672 et
432 3610 473 3672 ob
487 3611 572 3674 hano
593 3628 723 3674 causam
739 3612 919 3673 nominatur
939 3609 981 3673 ad
1001 3610 1062 3672 XL
1085 3608 1235 3674 Sanctos.
1261 3609 1360 3672 Modo

189 3726 269 3771 vero
291 3711 335 3774 ibi
355 3712 499 3777 habitant
520 3715 624 3780 solum
655 3715 719 3779 duo
744 3715 864 3778 fratres
893 3715 935 3778 de
962 3717 1157 3779 monasterio
1178 3713 1213 3777 S.
1236 3711 1362 3777 Catha-

189 3812 279 3876 rinae
309 3834 369 3897 pro
399 3819 547 3882 custodia
581 3820 645 3884 loci
676 3829 716 3882 et·
744 3819 791 3884 illi
827 3818 892 3883 duo
922 3819 1039 3882 iratres
1069 3819 1187 3882 multos
1219 3818 1360 3882 insultus

189 3919 353 4000 patiuntur
374 3922 416 3986 ab
429 3923 591 3987 nimbibus
610 3924 806 4008 vagantibus
826 3943 885 4006 per
904 3923 1120 3992 solitudinem.
1144 3925 1282 3990 Domum
1303 3941 1362 4006 per

189 4022 291 4086 cellas
311 4030 497 4092 monasterii
525 4029 749 4112 transivimus,
770 4047 855 4112 quae
883 4037 958 4094 suut
980 4031 1099 4095 misere
1124 4046 1246 4114 parvae
1266 4025 1361 4090 etde

189 4127 400 4194 smndinibus
427 4133 534 4215 plexis
561 4142 593 4195 et
621 4133 690 4196 luto
719 4133 867 4198 obductis
900 4135 1023 4218 sadae3
1044 4152 1155 4199 murus
1174 4143 1281 4196 tamen
1302 4149 1361 4214 per

190 4241 307 4313 gyrum
331 4239 518 4302 monasterii
540 4247 592 4301 est
613 4239 718 4302 bonus
744 4248 777 4302 et
797 4239 910 4304 firmus
929 4239 1013 4302 sicut
1036 4242 1134 4303 castri
1154 4242 1278 4323 muniti,
1300 4253 1361 4300 neo

191 4345 242 4396 est
266 4339 330 4418 (lt)
353 4359 503 4424 magnum
526 4343 560 4404 in
592 4344 859 4408 circumferentia.
902 4345 986 4408 Viso
1014 4346 1208 4408 monasterio
1236 4351 1358 4426 portam
