3212 5206
274 431 337 516 ipsi
357 429 432 498 sitis
451 427 604 513 muslera
623 427 765 493 tribulati
785 427 921 512 fumus,
955 437 992 494 ut
1010 429 1141 512 patebit.
1187 427 1333 512 Septimo
1355 426 1446 512 regia

273 535 329 599 illa
361 534 477 598 dicitur
503 543 590 598 terra
620 533 813 618 salsuginis,
846 534 1011 598 Jeremiae
1030 534 1157 598 xvtlm
1207 534 1379 598 Habitabit
1410 532 1445 595 in

274 641 421 704 siccitate
443 641 477 702 in
498 637 647 721 deserto,
679 640 714 700 lu
742 646 829 704 terra
858 639 1036 723 salsuginis
1057 649 1091 702 et
1122 637 1331 704 inhabitabili.
1374 636 1446 700 lios

275 745 360 808 enim
388 745 509 808 cadens
531 753 648 806 terram
670 743 756 807 illam
777 743 848 806 sale
880 746 1065 829 conspergit
1102 753 1138 807 et
1160 744 1291 806 arbusta
1312 751 1345 803 et
1365 759 1446 824 gra-

274 851 376 932 mina,
408 831 524 932 siqua
561 855 656 932 sunt,
684 847 840 930 infundit3
876 857 943 914 tota
971 851 1057 913 enim
1086 849 1168 918 roris
1199 845 1373 912 humiditas
1393 843 1445 908 sal

274 962 337 1020 est.
380 955 518 1036 lnsuper
546 968 651 1038 aquae
673 973 732 1038 per
752 953 982 1019 suffossionem
1014 965 1119 1018 terrae
1145 957 1297 1020 inventae
1334 949 1445 1014 salsae

274 1067 310 1122 ut
333 1058 500 1144 plurimum
523 1064 622 1142 sunt„
643 1057 816 1141 Reponitur
838 1060 936 1122 etiam
958 1055 1117 1122 convallis
1139 1054 1248 1137 aliqua
1277 1055 1445 1118 humorem

192 1235 197 1244 .
274 1181 317 1226 ex
337 1162 511 1245 semetipsa
532 1163 672 1246 gignens
693 1164 835 1245 salsum,
855 1181 952 1248 quem
973 1163 1124 1226 continuo
1142 1160 1231 1226 calor
1250 1157 1332 1223 eolis
1353 1159 1446 1223 velut

160 1321 162 1327 ,
274 1267 443 1332 hiemalem
472 1266 619 1350 pruinam
639 1269 673 1330 in
694 1269 848 1352 glaciem,
872 1269 917 1332 ita
938 1269 971 1331 in
998 1267 1101 1338 saleru
1123 1265 1272 1348 stringit,
1305 1271 1337 1326 et
1358 1273 1444 1329 tam-

276 1389 372 1458 qnam
394 1371 496 1434 sudes
517 1380 631 1436 acutas
652 1390 694 1435 ex
715 1375 787 1456 ipso
817 1372 888 1436 sale
914 1373 1031 1450 efficit,
1054 1380 1152 1454 atque
1174 1371 1221 1432 lta
1250 1368 1356 1431 omnia
1387 1367 1444 1432 illa

276 1485 510 1558 exasperantur
530 1474 618 1560 loca,
640 1486 675 1540 ut
702 1479 996 1560 pertranseuntium
1017 1475 1158 1546 terebret
1178 1483 1211 1536 et
1231 1481 1323 1536 secet
1345 1473 1443 1536 etiam

277 1579 442 1643 calceatos
463 1578 575 1662 pedes.
617 1579 743 1646 Octavo
764 1581 881 1646 dicitur
901 1583 991 1666 regio
1012 1580 1067 1643 illa
1088 1588 1175 1642 terra
1195 1578 1285 1640 invia
1306 1575 1442 1640 Psalm:

274 1683 307 1746 in
331 1693 416 1747 terra
438 1683 567 1748 deserta
588 1685 677 1748 invia
699 1693 731 1748 et
752 1688 920 1770 inaquosa
952 1687 1078 1749 Dicitur
1099 1692 1207 1746 autem
1229 1683 1327 1765 invia,
1349 1682 1444 1765 quasi

274 1788 348 1851 sine
369 1790 433 1850 via.
466 1788 544 1851 ldeo
564 1789 761 1874 leronymus
783 1791 816 1853 in
838 1790 974 1874 epistola
995 1789 1036 1854 de
1056 1787 1272 1852 celebratione
1300 1787 1443 1871 paschae

276 1890 370 1976 dicit,
392 1893 479 1977 qud
499 1894 543 1977 hi,
566 1895 621 1978 qui
641 1914 700 1979 per
720 1895 912 1960 solitudines
934 1912 1089 1960 arenosas
1111 1896 1146 1956 iu
1167 1895 1319 1957 interiora
1340 1894 1442 1955 austri

276 1995 364 2059 nulla
385 2007 474 2062 certa
493 2002 612 2064 semita
631 2000 839 2084 gradiuntur,
865 2001 1026 2065 sideribus
1046 1997 1233 2080 intendunt,
1267 2015 1330 2059 non
1356 1997 1442 2060 enim

239 2167 244 2174 ,
274 2120 333 2184 per
354 2101 515 2166 desertum
539 2114 648 2168 certae
666 2107 739 2169 viae
761 2123 837 2168 esse
857 2114 1010 2191 possunt,
1037 2107 1163 2169 etiamst
1195 2101 1326 2166 cottidie
1354 2110 1443 2164 esset

274 2208 506 2288 perambuletio
537 2211 698 2273 hominum
723 2221 756 2274 et
786 2211 974 2293 bestiarum,
995 2220 1029 2274 et
1054 2211 1116 2273 hoe
1138 2207 1228 2290 ideo,
1249 2207 1326 2291 quia
1351 2206 1443 2267 venti

275 2307 442 2374 fortissimi
474 2322 506 2376 et
539 2317 687 2379 turbines
721 2315 942 2379 validissimae
976 2317 1114 2379 suntin
1143 2313 1293 2393 deserto,
1325 2309 1443 2394 quibus

275 2431 376 2478 arena
407 2417 551 2481 defertur
584 2429 617 2482 et
645 2421 769 2484 levatur
802 2425 925 2504 impetn
952 2420 1067 2506 grandi
1098 2418 1141 2481 ‹le
1170 2426 1238 2480 tota
1271 2415 1442 2499 superlicio

276 2527 391 2603 terrae,
413 2531 445 2584 et
466 2525 512 2586 ita
533 2525 633 2587 currit
653 2543 753 2588 arena
772 2504 843 2589 euru
861 2536 970 2611 vento,
991 2526 1078 2588 siout
1098 2541 1182 2607 aqua
1204 2530 1300 2603 mota,
1320 2519 1442 2584 ideireo

273 2624 419 2716 nonnulli
439 2616 608 2693 desertum
634 2631 799 2714 nominant
826 2650 913 2695 mare
934 2646 1114 2695 arenosum.
1159 2631 1295 2708 Insuper
1316 2634 1442 2688 montes

273 2729 331 2792 altl
354 2734 482 2796 arenosi
508 2733 574 2797 illis
596 2735 776 2798 turbinibus
805 2735 939 2800 deloco
960 2735 1000 2799 ad
1023 2735 1128 2802 locum
1151 2730 1388 2794 transferuutur
1408 2730 1443 2792 iu

273 2851 339 2898 uua
360 2845 473 2922 nocte,
495 2839 600 2924 quod,
621 2840 676 2902 nbi
698 2839 794 2904 hodie
820 2851 870 2904 est
890 2841 1057 2936 planities,
1082 2856 1155 2902 cras
1176 2837 1319 2920 reperies
1338 2834 1443 2897 altum

274 2947 416 3006 montem
438 2945 624 3026 repositum.
667 2946 709 3008 Et
730 2947 794 3009 leta
816 2945 984 3011 translatio
1006 2945 1160 3009 montium
1180 2950 1232 3006 eet
1251 2942 1315 3018 (b)
1345 2940 1442 3004 cotti·
1552 2935 1556 2942 ’

156 3135 159 3140 ¹
273 3043 369 3111 diana
390 3053 535 3131 ternpore
566 3059 745 3114 ventorum.
789 3050 866 3116 Non
893 3060 1001 3115 autern
1028 3051 1073 3112 ita
1101 3048 1156 3131 iit,
1177 3056 1213 3110 ιιι
1244 3053 1313 3111 tota
1339 3045 1442 3108 moles

274 3149 370 3212 simul
392 3162 612 3234 removeatur,
635 3153 694 3217 sed
715 3158 884 3238 superiora
903 3172 924 3217 a
950 3156 1057 3218 ventis
1084 3153 1308 3236 deportantur,
1336 3169 1442 3235 usque

273 3251 316 3315 ad
336 3263 442 3318 terrae
463 3256 682 3340 fundamenta,
700 3267 733 3319 et
751 3257 816 3320 alio
836 3258 869 3320 in
891 3257 962 3322 loeo
985 3258 1205 3341 coagulantur,
1225 3266 1259 3320 et
1278 3258 1316 3320 ιιι
1336 3273 1441 3320 novus

272 3375 384 3440 mons,
415 3368 552 3441 quatuor
571 3370 630 3425 aut
649 3361 792 3445 quinque
824 3361 1013 3426 milliaribus
1045 3381 1065 3424 a
1095 3364 1196 3446 primo
1221 3362 1302 3426 loco.
1346 3361 1442 3424 Non-

273 3478 445 3545 numquam
476 3474 582 3528 autem
612 3465 717 3528 valles
747 3483 885 3548 maguae
906 3485 1004 3530 arena
1025 3464 1205 3550 replentur,
1234 3474 1269 3527 et
1293 3467 1324 3528 si
1346 3464 1442 3528 duret

272 3573 450 3648 tempestas
470 3569 504 3631 in
525 3569 597 3633 loco
618 3569 725 3653 vallis,
746 3571 914 3654 consurgit
934 3589 1037 3654 mous,
1059 3581 1092 3635 et
1112 3573 1167 3635 ubi
1188 3569 1305 3634 nudius
1327 3571 1442 3633 tertius

272 3669 368 3734 vallis
397 3673 558 3754 protunda
587 3673 664 3759 luit,
699 3675 742 3738 ihi
771 3675 867 3739 hodie
896 3693 988 3739 mone
1015 3679 1145 3738 eminet.
1190 3677 1322 3739 Montes
1344 3675 1440 3737 etiarn

271 3777 392 3857 petrosi
414 3778 594 3844 immobiles
626 3798 726 3843 arena
756 3781 877 3842 fluente
908 3780 1111 3863 operiuntur,
1136 3781 1199 3863 lta,
1223 3788 1259 3843 ιιι
1287 3779 1342 3843 ubi
1372 3777 1442 3840 heri

271 3882 470 3962 apparebant
488 3892 615 3948 montes
636 3885 768 3968 petrosi,
789 3884 864 3950 hodi
906 3884 985 3949 nibil
1006 3886 1070 3946 nisi
1091 3903 1190 3948 arena
1211 3883 1371 3949 videatur.
1398 3882 1442 3944 Et

269 3985 317 4048 ita
335 3989 390 4049 via
408 3996 498 4050 certa
519 4006 595 4054 esse
619 4009 683 4054 non
704 3997 813 4073 potest
830 3989 865 4051 in
894 3988 1033 4052 deserto.
1076 3988 1162 4053 Snut
1182 3991 1267 4053 enim
1302 3988 1346 4050 ibi
1369 3995 1442 4048 eot-

265 4089 348 4154 tidie
368 4093 463 4175 quasi
493 4101 707 4177 tempestates
729 4111 916 4177 arenarum,
947 4095 1034 4158 siout
1054 4095 1088 4157 in
1121 4095 1199 4157 mari
1230 4099 1441 4175 tempestates

270 4212 435 4280 aquarum,
459 4204 493 4258 et
509 4205 585 4260 sunt
604 4197 928 4280 periculosissimaea
940 4218 1015 4264 uam
1037 4206 1105 4262 tota
1124 4199 1315 4281 superficies
1336 4205 1442 4259 terrae

262 4311 434 4396 mouetur,
465 4312 499 4366 et
528 4301 623 4365 bomo
653 4303 733 4366 nihil
767 4303 857 4368 videt
890 4304 954 4366 nisi
990 4322 1120 4382 arenam
1152 4300 1441 4368 vehementissime
