3132 5206
658 278 757 342 'll

153 463 225 524 loeo
246 459 426 542 aooipiunt,
446 453 566 541 In'quo
593 456 752 522 moniales
781 455 928 542 Reginae
962 459 1167 545 etvetnloe,
1200 471 1233 526 et
1255 482 1328 526 mo·

23 636 29 653 ,
154 567 251 631 naohi
272 573 306 629 et
326 561 527 645 sacerdotes,
548 572 582 626 et
601 565 723 648 qquue
744 563 857 628 devoti
875 562 993 626 =lldeles
1015 573 1175 648 quaeruut
1195 567 1327 631 oouior-

15 759 17 764 Ι
154 671 309 736 tationem
319 671 353 732 iu
369 686 431 731 sua
446 665 740 752 militia'spirituali,
753 677 787 731 ot
805 671 931 752 gratiae
942 669 1005 732 Dei
1021 673 1328 754 augmentationem.

239 775 394 837 XXVIII.
422 773 544 857 Nostra
572 772 685 839 militia
705 781 759 837 est
790 773 961 838 diffieilior.
1006 773 1090 837 Νἶιιιι
1113 774 1199 858 opud
1232 786 1329 858 reges

157 891 190 943 et
210 873 375 964 principes
406 887 438 940 et
469 879 503 940 in
524 879 656 961 proeliis
682 879 853 954 confertur
876 878 989 942 militia
1011 897 1082 943 enm
1106 880 1247 964 quodam
1266 882 1327 944 tri·

155 985 275 1069 umplro
296 992 329 1046 et
350 977 469 1064 goddio
491 991 525 1046 et
546 1001 620 1047 um
641 982 790 1066 solatiis,
818 979 902 1046 haeo
917 993 1023 1046 autem
1046 994 1098 1048 est
1116 993 1189 1048 tota
1205 988 1330 1052 serlosa

157 1101 193 1152 et
226 1088 393 1171 poenffls,
426 1085 516 1151 nulla
545 1087 667 1171 goudia
700 1097 732 1152 et
763 1085 879 1153 solatia
909 1087 1054 1174 habens,
1084 1089 1146 1153 sed
1176 1089 1330 1174 plurimos

157 1211 320 1260 mosanas.

239 1297 365 1360 xxix.
385 1295 503 1359 nunno
529 1295 610 1358 mec
636 1304 688 1360 est
709 1297 843 1379 majone
861 1295 1035 1378 sunnone„
1066 1297 1127 1360 ruo
1149 1297 1251 1380 enm,
1274 1299 1330 1380 qut
1431 1272 1432 1276 ‘
1482 1381 1484 1389 Ι

156 1421 248 1466 mare
269 1399 386 1465 transit
405 1397 574 1483 audacter,
596 1394 810 1464 uitam-suam
831 1404 926 1464 morti
956 1405 1087 1486 exponit
1110 1403 1213 1486 magls
1234 1420 1330 1484 quam

156 1507 230 1590 Ille,
263 1508 318 1589 qul
348 1503 389 1566 ad
410 1503 596 1568 bellandum
618 1505 725 1589 vadit,
758 1506 850 1572 vadit
869 1507 956 1570 euim
990 1509 1089 1570 armis
1112 1507 1271 1589 munitus,
1294 1515 1329 1570 et

155 1629 278 1674 eavsre
297 1618 404 1694 potest
425 1608 579 1692 pericula,
595 1616 629 1673 et
644 1614 773 1675 omniuo
796 1610 909 1695 fugere
939 1610 1133 1693 praesidium
1155 1603 1327 1696 quaerens.

157 1715 226 1777 Sed
248 1716 455 1777 haecomnia
477 1735 540 1778 non
563 1724 698 1800 prosunt
719 1716 812 1779 militi
833 1717 937 1780 saneti
955 1717 1117 1799 sepulchri
1138 1722 1328 1779 contrusus

157 1818 304 1903 perieula
329 1827 395 1882 tam
421 1821 454 1881 in
489 1819 569 1882 mari
590 1820 740 1902 quamin
761 1827 846 1882 terra
866 1821 929 1884 sibl
950 1822 1150 1884 immittenda
1156 1866 1168 1905 ,
1202 1827 1329 1904 oportet
1445 1791 1467 1854 ’-

157 1926 244 1986 enlm
266 1941 339 1986 euru
361 1925 412 1986 sie
432 1941 510 1987 esso
530 1926 616 1987 iuter
636 1943 799 2009 paganos,
820 1943 860 1989 ae
880 1927 911 1990 si
941 1936 1032 1988 esset
1052 1921 1272 2008 iu‘sensibssis,
1295 1934 1328 1987 et

156 2031 350 2112 pereutieuti
372 2047 436 2091 uon
455 2027 628 2110 resistere,
649 2037 686 2092 ut
706 2045 786 2110 uere
805 2029 884 2093 illud
916 2033 1021 2114 posslt
1042 2028 1153 2094 dleere
1174 2031 1272 2095 Prov.
1295 2033 1326 2094 4.
1394 2103 1397 2110 y

156 2135 215 2198 ηε
237 2143 472 2216 percusserunt
492 2151 564 2216 me,
585 2140 618 2195 et
640 2150 705 2196 nou
725 2134 831 2216 sensi,
854 2135 1108 2199 vulneraverunt
1130 2153 1191 2214 me,
1212 2143 1244 2197 et
1262 2151 1327 2195 nou

160 2235 256 2301 dolui.
300 2231 393 2300 Siout
414 2246 504 2321 patet
529 2237 584 2301 fol.
606 2235 659 2300 ⁷⁷.
682 2235 720 2300 B.
1333 2317 1336 2324 Ι
1411 2219 1420 2233 ’

241 2340 350 2406 XXX.
372 2342 490 2407 ltitttta
518 2343 575 2406 illa
596 2350 649 2406 est
671 2340 836 2425 remotior,
861 2343 897 2405 iu
917 2341 1024 2406 medio
1046 2341 1165 2405 muudi.
1209 2337 1254 2405 tlt
1280 2339 1328 2405 illi

35 2463 40 2474 ·
161 2445 307 2542 militesp
334 2448 389 2548 qui
421 2445 545 2511 vadunt
565 2445 607 2510 ad
635 2455 783 2511 ranetam
815 2446 1039 2531 catharinam,
1066 2451 1229 2532 uttmgunt
1261 2457 1328 2512 tres

159 2551 353 2636 principales
373 2561 484 2634 partes
505 2551 637 2616 mnndi:
680 2553 859 2637 Europum,
881 2552 923 2616 de
944 2570 1008 2636 qua
1028 2561 1164 2638 exeuut3
1201 2553 1327 2636 Asiam,

167 2675 266 2740 quam
287 2663 532 2741 pertranseuut3
564 2657 726 2741 Africam,
747 2677 844 2742 quam
864 2659 952 2721 uiros
968 2657 1202 2722 Alexandriam
1223 2659 1328 2722 attiu-
1452 2709 1457 2720 .

162 2770 255 2844 gunt.
300 2761 367 2824 Alii
388 2761 506 2826 militas
526 2779 626 2845 prope
651 2753 779 2825 manent
801 2781 859 2844 pro
880 2779 941 2824 sua
959 2761 1080 2823 militia.

245 2865 368 2928 xxnt.
390 2866 513 2930 Nostra
547 2859 660 2930 militia
688 2865 823 2930 slmilmr
854 2872 909 2928 est
946 2873 980 2926 ot
1000 2862 1199 2926 untt'ormtor.
1240 2861 1327 2925 Nam
1371 2872 1410 2897 ¹·
1549 2947 1550 2954 ἵ

162 2969 282 3032 milites
304 2970 366 3054 alii,
389 2973 485 3034 etiam
507 2971 541 3034 iu
567 2969 681 3036 eodem
702 2968 787 3032 bello
806 2967 964 3054 peremi,
979 2967 1105 3066 jactant
1125 2983 1175 3050 se,
1190 2975 1223 3030 ot
1245 2981 1330 3029 unus

161 3073 256 3136 alteri
277 3092 316 3154 se
337 3075 490 3158 praefert,
510 3082 543 3138 et
563 3079 603 3138 ab
626 3073 698 3139 eliis
721 3073 850 3158 quidam
872 3073 945 3137 ollis
961 3073 1197 3157 praeferuntur,
1214 3069 1330 3134 melio-

163 3195 217 3242 res
238 3196 314 3262 esse
336 3178 471 3264 mimos,
492 3189 525 3242 et
544 3180 678 3244 militiae
703 3179 837 3262 gloriam
860 3179 977 3243 mellus
999 3179 1166 3261 meruisse,
1189 3186 1221 3240 ot
1244 3195 1329 3240 non·

162 3295 337 3366 numquam
357 3285 391 3346 in
414 3286 524 3378 e'urils¹
543 3300 655 3367 regum
683 3302 806 3367 graves
827 3284 1015 3347 iuimicitias
1043 3292 1156 3346 eontra
1176 3300 1215 3345 se
1236 3283 1280 3346 olt'
1295 3279 1328 3346 id
1396 3278 1403 3293 ’
1439 3369 1440 3372 ¹

161 3387 302 3450 habente
335 3387 388 3450 uls
409 3386 527 3450 troseis
549 3388 696 3451 omnibus
718 3396 752 3450 et
771 3388 911 3453 sordidis
933 3386 1083 3453 laudibus
1108 3396 1198 3452 earet
1218 3395 1332 3450 nostra

162 3491 450 3576 hierosolymitana
470 3491 603 3576 militia,
624 3493 701 3576 qula
722 3509 834 3556 omnes
857 3494 1036 3578 aequaliter
1065 3511 1135 3556 eam
1156 3478 1330 3574 merentur,

162 3605 194 3660 et
216 3596 334 3660 nobilis
363 3595 456 3660 miles
488 3597 596 3662 laetus
628 3613 693 3661 non
722 3598 829 3660 minus
861 3605 912 3661 est
934 3598 1046 3680 miles,
1080 3614 1176 3681 quom
1204 3615 1263 3659 rex
1286 3593 1330 3658 ibi

163 3719 352 3785 percussus.
643 3703 646 3710 '
748 3705 750 3709 ’
885 3719 889 3730 ·

246 3805 384 3868 xxxtt.
404 3805 466 3869 llla
490 3815 602 3870 nostra
622 3805 735 3869 militia
754 3812 808 3869 est
829 3807 1091 3892 communiente,
1110 3807 1196 3891 ¹quod
1217 3821 1330 3869 omnes

164 3909 289 3974 nobiles
315 3910 359 3974 ibi
393 3913 614 3994 pereutiuntur
647 3904 689 3974 de
724 3911 850 3976 oriente
888 3919 921 3975 et
955 3911 1141 3997 susidente,
1173 3927 1272 3975 senes
1299 3917 1332 3971 et

161 4015 314 4096 iuvenes.

290 4115 446 4191 xxxnt.
466 4120 559 4186 Haeo
580 4127 693 4185 nostra
712 4119 828 4185 mllttia
849 4122 1082 4204 detorserim,
1116 4109 1193 4204 quia
1215 4118 1332 4196 omnio,
1366 4158 1380 4183 ..

164 4225 316 4307 quesibi
337 4235 490 4316 agrorum,
519 4233 594 4290 suut
624 4223 771 4292 virtuosa
791 4233 825 4290 ot
846 4225 975 4310 diviua,
1007 4224 1092 4309 quod
1114 4224 1215 4306 louge
1236 4223 1332 4284 abest
