3204 5216
723 293 785 362 ttt

168 475 245 559 quia
276 475 387 536 statim
419 491 490 536 earn
526 474 597 538 snb
631 475 889 540 execrationibus
921 475 1107 542 detestabili
1135 481 1338 548 Machametc

168 578 421 642 consecrabunt:
447 579 509 654 boc
531 578 617 642 lacto
640 579 764 644 nullum
779 573 997 645 Christianum
1018 585 1236 651 intromittent.
1280 587 1338 652 Sic

167 705 247 769 ergo
268 687 412 768 regressi
437 683 612 754 sumnsad
634 685 706 760 loca
727 695 848 750 nostra.

251 788 375 868 Quarto
407 787 461 851 die
491 788 628 872 prandio
667 799 774 854 sumto
810 789 1038 856 descendimus
1071 795 1165 858 simul
1197 804 1338 860 montem

167 895 271 978 syon,
292 896 386 977 qnasi
401 892 527 956 occulte
548 893 686 958 ducente
706 895 917 979 nosJudaeo,
939 901 995 981 qui
1017 899 1108 982 dixit,
1132 898 1217 981 quod
1234 917 1337 983 qnae-

32 972 35 1041 :
98 1056 103 1066 ,
167 999 243 1062 dam
262 998 390 1062 occulta
412 999 506 1060 nobie
528 998 627 1062 vellet
649 999 832 1063 ostendere.
876 1003 914 1091 ln
931 1000 1093 1067 descensu
1114 1011 1220 1066 autem
1242 1005 1338 1066 verti-

33 1138 34 1149 1
168 1121 242 1166 mus
263 1101 304 1165 ad
325 1103 413 1165 latus
435 1102 577 1164 australe
597 1104 758 1168 ecclesiae
775 1104 871 1196 illins,
894 1125 979 1189 quae
993 1117 1058 1172 stat
1073 1109 1167 1195 juxta
1184 1109 1337 1190 templum

166 1207 307 1288 Domini,
327 1217 360 1269 et
376 1206 421 1269 ibi
442 1215 587 1290 tempore
598 1205 857 1272 Christianorum
877 1210 937 1273 luit
959 1229 1117 1276 aseensus
1139 1232 1197 1296 per
1217 1212 1338 1296 gradus

167 1311 313 1398 lapideos
335 1311 376 1375 ad
398 1311 497 1374 altam
519 1319 654 1394 portam,
675 1331 735 1393 per
763 1330 859 1396 quam
888 1323 957 1377 erat
985 1317 1153 1399 ingressus
1183 1319 1216 1379 in
1250 1316 1337 1378 illam

168 1417 351 1506 ecclesiam.
404 1415 458 1478 Ad
480 1416 565 1482 hanc
592 1425 715 1498 portam
738 1435 796 1498 per
818 1420 928 1481 ruinas
949 1440 1108 1506 murorum
1133 1419 1339 1506 escendimus

167 1529 200 1584 et
226 1539 351 1584 murum
379 1529 491 1603 portae
520 1520 700 1583 deosculati
732 1539 845 1586 sunaus
874 1534 1004 1607 propter
1024 1525 1243 1610 indulgentias
1264 1525 1338 1609 ple·

167 1627 285 1707 uarias,
308 1642 394 1708 quae
411 1626 456 1687 ibi
477 1624 635 1688 habentur
656 1625 749 1708 (ᾗ).
802 1626 930 1692 Dicitur
951 1632 1047 1709 anim,
1070 1631 1155 1718 quod
1170 1631 1237 1694 XV
1257 1649 1338 1713 graa-

32 1736 33 1747 ’
166 1730 227 1793 dns
248 1729 290 1791 ad
310 1729 540 1811 illamportam
565 1729 703 1811 inerint,
725 1748 784 1812 per
813 1733 1020 1818 qnos‘Virgo
1041 1737 1147 1798 Maria
1170 1736 1234 1818 [et]
1258 1754 1338 1818 puer

164 1835 301 1898 triennis
322 1834 395 1897 aine
417 1832 502 1897 duce
519 1833 710 1896 miraculose
731 1833 922 1924 ascenderat
943 1839 978 1900 in
992 1839 1156 1921 templum.
1199 1839 1253 1902 Art
1275 1841 1336 1904 bos

163 1938 286 2022 gradus
308 1939 447 2004 coniecit
466 1938 575 2002 David
592 1957 656 2017 ,rex
676 1939 742 2001 XV
763 1940 916 2024 psalmos,
952 1946 1006 2024 qni
1031 1943 1181 2007 dicuutur
1219 1944 1336 2025 psalmi
1372 1995 1375 2000 .

165 2044 332 2128 graduum.
375 2044 473 2107 Hunc
507 2044 611 2107 locum
640 2043 847 2107 visitavimus
880 2063 954 2108 cum
982 2049 1097 2111 timore
1132 2058 1166 2111 at
1196 2047 1335 2130 silentio,
1437 2093 1439 2100 ,

29 2188 31 2201 t
166 2151 241 2230 quia
262 2149 295 2210 in
316 2149 459 2231 periculo
481 2149 667 2228 fuissemus,
691 2149 719 2208 si
741 2146 914 2212 Sarraceni
936 2153 1054 2214 nosibi
1077 2155 1336 2236 correpexisaent,

29 2296 31 2325 ‚
165 2251 238 2316 ideo
258 2254 354 2316 etiam
375 2262 502 2335 tempus
524 2253 643 2337 qnietis
671 2269 781 2316 eorum
803 2249 971 2335 elegimus.
1016 2255 1066 2316 Ab
1088 2256 1143 2320 illo
1165 2256 1236 2320 loco
1255 2274 1337 2320 con·
1393 2335 1401 2344 ι

31 2370 35 2382 ·
165 2367 340 2440 sequenter
359 2356 589 2420 descendimus
610 2365 644 2420 et
667 2358 709 2420 ad
730 2358 988 2423 vetustissimum
1019 2379 1145 2432 murtam
1174 2364 1336 2444 venimus,

29 2520 32 2529 ,
166 2462 279 2524 fortem
300 2463 406 2544 nimis,
428 2461 470 2524 de
489 2462 677 2543 ingentibus
698 2463 788 2526 saxis
809 2462 974 2548 quadratis
996 2464 1128 2548 lactum,
1162 2473 1197 2528 et
1224 2457 1336 2531 murus

30 2556 34 2573 '
164 2567 219 2630 ille
244 2567 297 2630 est
318 2575 538 2650 competenter
568 2566 665 2650 altus,
694 2569 843 2650 quamvis
865 2569 965 2656 multo
978 2569 1082 2654 altior
1111 2557 1223 2655 inerit)
1251 2574 1337 2658 sicut

30 2686 34 2759 2
165 2691 207 2735 ex
228 2673 330 2735 ruinis
351 2670 546 2755 deprehendi
564 2680 688 2754 potest,
721 2680 772 2734 est
803 2673 888 2734 enim
917 2673 1008 2764 locus
1029 2676 1146 2757 plenus
1168 2676 1334 2758 quadratis

32 2810 35 2841 t
164 2775 324 2858 lapidibus
346 2775 501 2858 dispersis
523 2795 581 2858 per
600 2794 727 2859 gyrum.
771 2777 897 2840 Dicitur
918 2779 1014 2860 enim,
1036 2779 1123 2862 quod
1144 2796 1244 2862 super
1262 2797 1336 2842 mu-

164 2901 233 2944 rnm
265 2882 356 2944 illum
385 2882 514 2946 steterit
547 2879 662 2945 domus
698 2881 803 2944 saltus
831 2863 969 2963 Libani,
1000 2899 1085 2972 quae
1115 2891 1184 2945 erat
1221 2881 1335 2946 domus

163 2986 271 3069 rogia,
310 3005 407 3068 quam
444 2985 628 3050 aedificavit
665 2984 836 3068 Salomon,
877 2984 972 3066 cujus
999 2984 1171 3068 descriptio
1199 2986 1335 3049 habetur

160 3089 376 3174 atteg.v11.‚
399 3091 455 3154 nbi
476 3091 569 3155 dicit:
594 3087 707 3157 Gloria
728 3090 761 3153 in
778 3097 839 3154 etc.
883 3086 985 3166 Quae
998 3088 1071 3153 ideo
1093 3089 1207 3153 domus
1228 3089 1334 3154 saltus

162 3195 280 3259 hibeni
311 3196 552 3278 nominabatur,
574 3198 651 3278 quia
672 3204 741 3258 erat
773 3194 815 3257 de
839 3195 939 3278 tignis
970 3195 1121 3277 supernis
1154 3194 1333 3301 aedificata,

163 3317 250 3382 qnae
271 3309 363 3364 erant
385 3301 498 3363 excisa
510 3298 552 3362 de
571 3299 659 3363 saltu
670 3300 798 3368 Libani.
840 3300 1003 3384 Magister
1025 3302 1058 3363 in
1072 3299 1169 3383 Spec.
1211 3301 1332 3364 illator.

161 3403 243 3468 dicit
270 3404 354 3488 quod
386 3405 469 3469 haec
491 3404 605 3470 domus
627 3413 699 3469 erat
723 3404 764 3468 dc
785 3403 907 3487 duplici
929 3408 1071 3488 materia,
1099 3423 1175 3488 pars
1202 3405 1335 3490 inferior

159 3518 231 3572 erat
252 3508 400 3592 lapidea,
428 3519 462 3572 ot
482 3509 649 3573 dicebatur
678 3509 840 3591 Nemota,
863 3510 883 3572 i.
906 3527 937 3578 e.
962 3498 1185 3592 pigmentaria,
1218 3511 1334 3593 inqua

161 3615 399 3698 reponebantur
418 3625 562 3678 aromata
590 3623 625 3676 et
645 3615 810 3696 pigmenta
831 3614 873 3676 ad
894 3631 975 3676 usus
1001 3613 1129 3695 templi,
1158 3620 1192 3676 et
1219 3612 1333 3680 domna

33 3780 35 3805 ,
160 3719 267 3802 mgis,
289 3729 325 3782 ut
346 3737 388 3783 ex
408 3720 566 3784 beneflcio
587 3728 693 3783 torrae
718 3727 754 3780 et
784 3718 867 3782 muri
889 3715 944 3780 diu
971 3717 1121 3798 vigerent
1156 3719 1251 3801 quasi
1278 3738 1334 3782 ro·

32 3857 33 3885 t
161 3825 277 3888 cantia.
318 3823 399 3886 Pars
419 3826 567 3907 superior
589 3831 660 3887 erat
681 3822 808 3914 lignea,
833 3822 875 3884 de
896 3821 994 3904 lignis
1015 3821 1150 3904 Libani,
1174 3821 1259 3888 uude
1282 3833 1334 3888 eat

160 3925 246 3992 dicta
267 3927 383 3992 domus
402 3927 507 3994 saltus
527 3927 583 3990 vel
604 3926 718 3991 domus
738 3926 855 3990 luibani
877 3925 932 3989 vel
952 3926 1067 3990 donans
1088 3925 1193 3990 saltus
1205 3927 1330 3992 Libani.

30 4058 33 4067 ·
160 4029 298 4110 utnon
319 4041 426 4098 umen
441 4088 444 4098 .
457 4041 590 4117 putant,
618 4032 849 4098 carnesboc
879 4031 929 4096 sic
950 4049 1027 4096 asae
1058 4041 1224 4114 vocatam,
1257 4034 1333 4115 qnia

159 4139 410 4223 memmqnaque
441 4140 570 4204 consita
601 4145 672 4202 erat
693 4136 861 4201 arboribus
884 4143 917 4198 et
944 4135 1109 4200 'viridariis
1137 4138 1239 4202 mirae
1260 4135 1333 4219 (tt)

29 4246 31 4263 '
161 4242 385 4324 matianis,
411 4243 507 4325 juxta
526 4243 724 4330 densitatem
743 4240 849 4304 saltus
869 4239 1005 4324 libant,
1027 4251 1060 4305 et
1090 4243 1124 4306 in
1156 4249 1249 4325 parte
1277 4241 1334 4306 illa

159 4347 317 4430 menori
338 4349 580 4432 reponebantur
600 4363 700 4427 arma,
730 4354 767 4410 nt
786 4343 946 4411 beneflcio
967 4345 1047 4428 tigni
1070 4343 1247 4428 mbiginem
1269 4329 1333 4408 non
