3232 5218
163 513 208 577 Et
239 527 304 596 ego
335 510 469 576 tirmiter
503 510 616 602 eredo,
654 513 683 576 si
716 511 815 576 hodie
848 513 989 592 ecclesia
1021 511 1232 578 occidentalis
1261 517 1337 580 nui·
1375 575 1378 582 .

164 607 269 701 retur,
291 616 378 700 quod
399 616 472 678 siue
493 615 603 700 gladio
624 626 656 678 et
679 617 763 680 hello
785 618 992 702 sepulchrum
1020 619 1149 682 Domini
1166 620 1336 701 possidere

163 704 358 806 possemus..
391 719 475 783 Cum
496 709 574 804 ergo
610 720 724 784 Ariani
745 722 832 785 illam
851 731 997 786 sanctam
1021 722 1193 786 eeclesiam
1215 723 1336 806 goher-

163 834 295 909 nsrent,
314 831 353 890 ,et
373 816 496 907 passim
519 823 705 897 ¹catholicos
728 826 892 912 ejicerent,
913 846 974 891 nee
1000 829 1244 912 peregrinosiu
1265 829 1336 894 Do-

167 934 251 996 mini·
268 930 476 1013 sepulchrum
497 930 619 992 intrare
639 931 868 1017 admitterent,
884 937 977 996 eteh
1002 934 1054 996 his
1075 932 1208 998 cottidie
1229 934 1336 997 honri-
1447 952 1452 965 ·

166 1036 252 1100 cidia
270 1035 386 1098 flerent
408 1040 443 1096 ot
465 1036 662 1116 gravissima
694 1023 800 1120 litigia
825 1031 909 1101 inter
921 1039 1061 1100 Arianos
1083 1047 1117 1100 et
1135 1035 1334 1122 catholicos,

164 1137 533 1227 conglobati'Sarraeeui
549 1149 661 1203 eontra
672 1139 877 1204 Christianos
896 1141 969 1204 illos
987 1149 1020 1204 et
1034 1142 1115 1204 istos
1131 1141 1172 1204 de
1193 1143 1335 1206 eeclesia
1471 1219 1475 1226 ,

165 1247 348 1328 ejecerunt,
371 1242 483 1322 (200
492 1244 546 1326 h)
569 1253 602 1307 et
623 1263 735 1309 omnes
760 1246 938 1311 seditiosos
954 1247 1027 1310 sive
1060 1246 1240 1310 catholicos
1260 1249 1335 1310 sive

55 1377 61 1388 ’
162 1352 345 1414 haereticos
368 1348 409 1412 de
419 1348 602 1411 Jerusalem
625 1351 859 1448 expulerunt,
849 1369 953 1435 ipsam
975 1359 1082 1414 autem
1105 1351 1255 1416 dominici
1276 1370 1334 1415 se·

163 1455 290 1540 pulchri
311 1436 547 1516 eeclesiam..
572 1441 865 1520 ..destruxerunt
886 1455 1070 1518 Sarraeeui.
1103 1443 1172 1519 Sed
1193 1475 1257 1519 nou
1279 1443 1339 1521 diu
1364 1444 1367 1452 ’

163 1562 283 1623 mansit
305 1557 362 1619 illa
385 1556 556 1621 desolatio.
590 1576 663 1620 nam
697 1577 810 1623 omnes
841 1563 984 1645 episcopi
1018 1560 1168 1625 catholici
1200 1563 1334 1626 orientis

164 1681 237 1728 cum
260 1663 397 1727 caeteris
419 1662 568 1728 ildelibns
591 1663 678 1726 circa
701 1681 804 1727 aornos
825 1665 954 1729 Domini
988 1663 1186 1728 cccuxxt
1208 1667 1333 1730 adeun-

163 1776 218 1831 tes
255 1766 491 1858 Jerosolymam
532 1766 723 1864 expulerunt
763 1767 964 1834 Sarracenos
1003 1789 1076 1833 curn
1113 1770 1263 1855 Arianis,
1300 1779 1334 1834 et

164 1870 337 1935 aeclesiam
358 1870 510 1936 dominici
531 1871 697 1954 sepulchri
718 1873 1001 1938 reformaverunt
992 1893 1025 1937 ιιι
1042 1877 1312 1955 structuris,eam

163 1995 229 2060 que
250 1975 446 2040 reduxeruut
467 1976 509 2040 ad
530 1978 699 2039 veritatem
726 1978 888 2041 eeclesiae
909 1977 1088 2042 catholicae
1118 1996 1237 2061 magno
1258 1997 1332 2042 curu

164 2081 290 2164 labore,
312 2082 390 2163 quis
418 2083 533 2145 Ariani
558 2067 777 2165 potentissimi
813 2083 944 2146 fuerant
966 2082 1044 2144 facti
1069 2084 1278 2164 perorhem,
1299 2092 1334 2145 et

163 2187 326 2276 episcopi,
355 2185 480 2268 elerici,
514 2204 611 2269 reges
632 2195 667 2248 et
700 2187 864 2268 principes·
889 2187 1046 2249 favebant
1071 2186 1164 2267 ipsis.
1210 2185 1334 2248 Habuit

164 2300 271 2354 auteur
303 2290 386 2352 haec
418 2289 574 2353 damnosa
607 2291 755 2354 haeresis
797 2301 900 2355 ortum
930 2293 971 2354 ab
1009 2291 1106 2374 Ario,
1140 2291 1332 2373 presbytero

162 2395 403 2477 Alexandrino,
435 2398 491 2479 qui
512 2393 598 2477 apud
621 2395 851 2460 Alexandriam
884 2396 1052 2460 insaniens
1085 2394 1276 2459 discordiam
1298 2396 1332 2458 in

103 2554 104 2558 ,
163 2499 341 2564 orthodoxa
367 2498 447 2567 ilde¹
461 2517 572 2562 serere
594 2509 730 2564 onustus
752 2510 823 2586 est,
853 2519 1008 2583 separare
1028 2502 1125 2564 etiam
1152 2500 1270 2570 Filium
1291 2501 1332 2573 ah

163 2597 295 2668 aeterua
315 2611 350 2667 et
370 2603 525 2667 ineffabili
546 2603 608 2666 Dei
629 2603 736 2670 Patris
762 2609 960 2689 substantia,
983 2616 1019 2669 ut
1039 2605 1215 2670 Gratianus
1236 2607 1279 2669 st
1300 2606 1330 2668 d.

165 2712 193 2775 1.
216 2711 332 2793 hahet,
363 2711 547 2772 conahatur.
591 2711 736 2793 Purgato
761 2722 866 2775 autem
888 2709 1031 2773 ecclesis
1059 2709 1333 2792 Jerosolymttana

162 2817 204 2878 ah
225 2814 353 2878 haeresi
371 2813 438 2896 illa,
451 2815 532 2875 mira
552 2814 637 2896 oepit
658 2816 817 2899 pullulare
832 2801 993 2880 sauctitas
1009 2815 1042 2875 in
1064 2813 1152 2875 clero
1174 2820 1209 2875 et
1238 2813 1334 2894 plehe
1453 2859 1457 2868 .

162 2921 197 2985 in
219 2929 287 2982 toto
310 2927 463 2981 terrarum
487 2919 565 3006 urhe
594 2935 651 3000 per
689 2926 854 2980 trecentos
876 2934 978 2979 anuos
1000 2933 1104 2999 nsque
1125 2914 1167 2978 sd
1188 2924 1334 2998 tempora

163 3023 311 3087 Heraclii
333 3023 546 3106 imperatoris.
590 3021 676 3083 Nam
697 3021 783 3083 iuter
803 3020 1064 3085 'Constantinum
1094 3023 1334 3103 Imperatorem,

164 3129 220 3211 qni
242 3128 389 3210 regnavit
409 3145 494 3188 auno
527 3126 656 3188 llomiui
684 3123 757 3195 ata
781 3135 814 3188 et
835 3125 1038 3208 Heraclium,
1076 3127 1133 3211 qni
1154 3141 1238 3187 anun
1259 3125 1331 3188 stt.

163 3233 329 3314 regnavit,
365 3231 542 3293 domemus
568 3229 830 3292 illuminatissimi
851 3239 884 3292 et
906 3230 1075 3294 clarissimi
1097 3232 1178 3313 viri,
1206 3239 1237 3292 et
1260 3249 1332 3293 cunr

162 3337 215 3402 his
236 3335 475 3418 perverslssimi
497 3343 529 3396 et
556 3334 824 3416 periculosissimi
850 3335 1023 3419 haeretiei,
1056 3354 1195 3418 quorum,
1212 3335 1335 3418 priuci-

161 3440 245 3524 palis
267 3439 326 3502 fuit
355 3439 466 3507 Arius.
507 3439 549 3502 nt
573 3447 643 3501 erat
671 3447 801 3522 ternpus
831 3439 911 3502 illud
944 3447 1093 3506 sanetum
1116 3450 1149 3504 et
1170 3439 1335 3524 periculo·

162 3563 244 3608 sum.
287 3543 444 3605 Sanctum
477 3543 607 3626 quidem
645 3553 777 3626 propter
797 3553 930 3609 sanctos
966 3555 1044 3608 tuno
1064 3545 1231 3626 viverrtes,
1260 3563 1332 3606 urm

160 3655 198 3713 ut
226 3647 267 3711 de
299 3647 371 3710 aliis
401 3655 546 3730 iaceam,
579 3649 612 3709 ln
646 3646 751 3710 medio
785 3646 921 3710 duorum
953 3649 1078 3712 illorum
1108 3651 1332 3730 imperatorum

160 3755 340 3817 floruerunt
358 3761 497 3835 quatuor
517 3751 642 3835 egregii
664 3751 828 3815 ecelesiae
847 3751 1012 3816 doctores:
1034 3753 1238 3836 Ambrosius,
1259 3754 1334 3816 Au·

160 3859 333 3941 guatinas,
368 3855 568 3940 Jeronymus
590 3865 622 3919 et
657 3853 850 3938 Gregorius.
887 3855 1029 3919 Sanetus
1048 3857 1144 3920 etiam
1165 3858 1334 3941 Nicolaus,

161 3965 325 4028 Antonius
345 3963 506 4043 hlaguus,
530 3959 658 4044 Zenon,
684 3961 887 4024 Veronensis
908 3963 1092 4046 episeopus,
1113 3962 1245 4045 Paulus,
1266 3963 1335 4046 pri·

161 4087 234 4131 mus
256 4067 400 4150 ereruita,
420 4064 577 4128 Paulinus
597 4066 816 4154 Provirensis,
847 4066 1023 4144 llussehiu,
1051 4067 1206 4149 Hilarius,
1228 4067 1336 4130 stha-

161 4172 285 4254 uasius,
312 4169 488 4252 Macarius,
528 4169 636 4232 hieria
657 4171 872 4254 Aegyptiace.
900 4171 947 4255 'Et
971 4171 1063 4235 multi
1085 4175 1238 4238 eremitae
1257 4181 1335 4235 tune

163 4283 255 4362 erant
285 4293 343 4357 per
379 4275 510 4338 deserta
540 4274 702 4358 Aegypti,
741 4276 900 4359 Arabiae,
938 4268 1159 4360 Palaestinae,
1198 4275 1333 4358 Lybiae.

162 4377 310 4462 Singulis
329 4387 436 4444 sutem
460 4379 553 4442 runis
574 4379 781 4443 confluebant
803 4369 1098 4445 deuotichristiani
1120 4379 1162 4443 de
1181 4380 1334 4442 universo
