3204 5216
734 240 797 306 ttn

166 423 380 488 oomdontalis
403 420 555 504 iungitur
585 441 677 486 muro
705 421 897 506 eomlouari.
948 422 1037 487 Ante
1064 425 1149 488 lrnno
1187 427 1342 511 angulum

167 538 221 594 est
242 528 401 612 quaedum
422 528 559 592 altitudo
582 537 615 591 et
636 536 742 592 terme
763 538 887 611 tumor,
907 531 942 591 in
964 548 1027 613 quo
1048 532 1159 594 ruinoe
1180 551 1342 598 murorum

167 643 263 715 sunt,
285 634 331 697 ilri
351 635 447 696 etiem
469 633 630 717 quondum
651 633 741 697 stetit
763 634 859 700 turris
882 634 1051 717 altissima,
1067 654 1153 719 quoe
1174 635 1343 703 ‹lieebetur

167 737 331 802 Pheselus
360 737 416 802 vel
447 738 618 802 Psaellnss
648 738 824 821 Hippious,
857 755 962 824 equo
984 740 1046 803 fuit
1081 751 1271 823 prospectus
1301 743 1344 806 erl

166 852 342 926 utrumque
362 860 471 921 maro,
501 842 660 906 orientale
688 842 833 923 soilioet,
866 843 951 926 qnod
974 825 1028 906 ost⁴
1047 862 1135 907 more
1165 855 1341 924 mortuum,

170 961 208 1010 et
239 948 281 1011 od
308 965 397 1010 mare
432 948 649 1029 oooidentele,
682 947 769 1030 qnod
797 956 849 1010 ost
879 966 967 1011 mare
1002 959 1148 1015 nostrum
1191 969 1342 1034 magnum

171 1053 461 1135 mediterraneum,
503 1061 539 1116 nt
566 1053 663 1117 habet
684 1052 852 1134 Joseplrus
874 1052 915 1114 de
947 1054 1032 1119 bello
1064 1054 1204 1120 Judaioo
1233 1057 1255 1122 l.
1279 1059 1337 1121 Vl.

169 1177 243 1242 oop.
262 1160 294 1222 8.
317 1157 369 1218 lle
389 1177 453 1240 qno
475 1165 582 1220 tamen
605 1158 739 1220 miratus
758 1174 831 1221 sum
851 1175 963 1241 saepe,
986 1179 1059 1222 oum
1080 1163 1201 1224 eivites
1220 1171 1336 1226 uncto

168 1263 212 1326 erl
233 1261 435 1326 oeeidentem
458 1262 576 1325 habeut
597 1271 751 1326 montana
771 1265 1044 1347 supereminentia
1064 1267 1200 1329 civitati.

254 1368 306 1431 Ab
329 1369 391 1430 troo
412 1385 490 1449 ergo
519 1366 637 1450 ungulo
668 1369 826 1432 vertimus
857 1387 918 1432 noe
950 1379 1064 1433 eontra
1094 1370 1268 1451 orientem,
1305 1382 1339 1435 et

169 1490 270 1556 supra
288 1473 417 1536 fosseta
436 1474 661 1555 prooeseimua
703 1473 751 1536 liri
771 1472 912 1536 vidimus
934 1493 1083 1559 magnum
1105 1483 1230 1558 portem
1251 1477 1340 1540 anti·

169 1597 305 1662 quorum
336 1595 515 1660 murornm3
538 1577 599 1640 luit
619 1577 705 1641 euim
727 1596 838 1641 murus
860 1577 1058 1661 (inplicatus,
1091 1581 1138 1643 ita
1161 1579 1247 1662 quod
1276 1601 1336 1663 per

170 1683 311 1748 medium
333 1682 405 1764 ejus
426 1682 488 1744 fnit
510 1683 666 1747 transitus
688 1683 771 1746 intre
795 1700 940 1766 murum,
960 1685 1096 1748 inferius
1119 1692 1152 1748 et
1173 1687 1335 1768 superins,

171 1797 205 1851 et
225 1805 339 1872 rupes,
371 1803 469 1869 supra
500 1805 583 1870 qnos
614 1806 725 1851 mnrrrs
759 1787 912 1852 fundatus
944 1798 1012 1872 est,
1049 1792 1084 1852 tn
1114 1788 1224 1853 multis
1256 1790 1338 1854 loeis

170 1901 264 1956 erent
296 1900 367 1954 erte
396 1890 587 1975 quadratae,
618 1910 721 1975 supra
750 1900 961 1978 questurum
987 1900 1154 1955 steterant.
1200 1894 1250 1957 Ab
1282 1895 1339 1959 ille

168 2000 253 2062 euim
273 2007 366 2081 parte
397 1995 594 2058 luitnotus
625 1995 710 2060 bene
740 2000 882 2078 munita,
909 1999 987 2080 quia
1006 1998 1050 2060 toi
1081 2005 1191 2080 potest
1221 1999 1339 2063 melino

167 2103 348 2186 impugnari
378 2098 490 2178 (226
501 2099 570 2182 A),
603 2100 690 2163 unde
720 2099 913 2182 Soladinus,
945 2119 1005 2162 rex
1035 2102 1178 2183 Egypti,
1216 2101 1257 2163 eb
1278 2102 1337 2164 illa

166 2217 257 2291 parte
298 2207 466 2269 'eivitatem
509 2204 595 2286 oepit
636 2205 748 2269 ultimo
784 2204 826 2268 tle
868 2212 1029 2287 potestate
1080 2213 1113 2265 et
1149 2203 1190 2266 tle
1226 2207 1335 2268 mani-

167 2315 229 2376 bus
272 2309 527 2375 Christianorum
574 2327 658 2374 anuo
692 2308 783 2375 118⁷.
838 2308 981 2374 Ulterius
1016 2310 1051 2372 in
1085 2326 1241 2393 prooessn
1274 2329 1337 2372 ve-
1397 2371 1403 2378 ,

167 2418 273 2480 nimus
303 2414 346 2478 od
379 2422 503 2497 portam
535 2414 688 2496 liphraim
725 2415 779 2478 vol
821 2415 928 2477 soneti
962 2412 1138 2498 Stephani,
1171 2433 1256 2499 quae
1284 2424 1336 2479 est

162 2521 259 2604 juxto
279 2520 433 2604 angulum
455 2519 660 2601 orientalem,
681 2521 717 2584 in
737 2539 802 2606 quo
829 2537 940 2583 murus
961 2517 1158 2603 aquilonaris
1185 2520 1333 2604 jungitur

166 2645 256 2690 muro
286 2624 443 2689 orientali.
486 2622 586 2687 l’orro
625 2644 736 2689 murus
767 2625 823 2689 illo
845 2623 1009 2688 orientalis
1041 2642 1106 2686 nou
1136 2624 1332 2687 hebetante

165 2749 205 2794 se
227 2732 403 2810 fossatum,
435 2728 495 2792 sed
517 2729 635 2806 vallem
671 2725 852 2808 Josephat,
881 2745 981 2811 supra
1008 2745 1103 2811 quarn
1125 2728 1158 2787 ln
1192 2726 1257 2790 olto
1283 2736 1335 2790 est

167 2835 343 2917 deonotus,
365 2842 398 2896 et
418 2835 495 2898 lieet
522 2835 566 2896 sit
586 2832 704 2895 semita
724 2847 824 2913 parva
845 2830 885 2892 alr
908 2830 1027 2913 angulo
1049 2830 1196 2892 orientali
1228 2848 1334 2913 usque

166 2937 208 3002 ed
239 2938 394 3021 ungulum
434 2940 515 3002 muri
549 2935 702 3000 australis
730 2933 772 2996 etl
794 2932 887 2996 latus
919 2934 1002 2995 muri
1034 2932 1200 2996 orientalis
1232 2952 1332 3016 supro

166 3042 305 3124 vallem,
337 3061 401 3106 uou
432 3052 541 3106 temon
572 3041 644 3104 euri
676 3055 789 3102 sumus
810 3039 998 3101 continuare
1029 3037 1247 3101 oirotritioneru
1276 3057 1335 3122 per

166 3147 314 3211 seruitum
336 3146 423 3224 illum
444 3156 574 3228 propter
595 3144 847 3208 Surreoenornm
870 3143 1114 3225 coemeterium,
1150 3143 1236 3228 quod
1256 3154 1334 3207 ente

166 3259 292 3332 portem
321 3267 452 3314 onmem
473 3258 543 3333 ost,
565 3268 625 3332 per
653 3247 740 3334 quod
771 3248 909 3312 transire
930 3247 1025 3311 uobis
1053 3265 1119 3310 non
1140 3245 1246 3329 liouit,
1268 3248 1332 3311 nial

165 3355 291 3436 ingenti
310 3353 453 3437 perieulo
474 3372 535 3416 nos
556 3372 718 3435 exponere
740 3352 968 3437 voluissemus,
989 3362 1026 3416 ut
1044 3359 1137 3436 petet
1160 3352 1214 3415 lul.
1234 3352 1330 3416 SM.

164 3468 197 3520 et
221 3459 279 3522 141
302 3458 338 3520 Β.
382 3455 546 3522 llereliote
565 3475 645 3540 ergo
665 3457 783 3520 semita
804 3456 860 3520 ille
885 3461 926 3521 eb
948 3457 1070 3541 ongulo
1103 3456 1331 3520 deseendimus

164 3581 223 3646 per
245 3579 402 3646 preeoeps
423 3564 458 3626 ln
478 3561 596 3626 vellem
614 3561 793 3644 Josophat,
815 3578 919 3645 usque
940 3562 974 3623 in
995 3569 1168 3624 torrentem
1191 3560 1334 3642 Cedron,

164 3685 224 3750 per
254 3685 351 3751 quem
386 3665 615 3730 duoondiruns
647 3666 804 3729 lralreutes
825 3675 965 3729 montem
998 3664 1110 3748 templi
1132 3673 1165 3727 et
1187 3666 1331 3728 eivitatis

162 3771 204 3833 alr
226 3789 291 3838 ntro
313 3780 345 3834 et
366 3779 505 3835 nentem
517 3767 639 3834 Oliveti
661 3772 701 3834 ab
720 3770 783 3833 olio
805 3769 918 3854 lutere,
940 3778 974 3833 et
997 3770 1206 3852 pervenimus
1227 3789 1333 3854 usqne

162 3873 204 3938 etl
224 3874 351 3938 radioes
374 3876 493 3938 montis
514 3875 606 3958 Syon
629 3875 663 3938 in
685 3873 803 3938 vollem
837 3871 968 3956 siloae,
990 3875 1034 3936 ibi
1056 3881 1167 3936 eutem
1190 3892 1333 3938 eonver-

161 3980 258 4042 timue
280 3997 339 4042 nos
361 3978 402 4042 orl
422 3978 633 4061 oooidentem,
655 3988 688 4042 et
710 3977 920 4063 pervellem,
941 3996 1027 4062 quae
1048 3977 1164 4042 dividit
1190 3987 1332 4042 montem

162 4082 297 4166 Syene
316 4091 428 4146 monto
449 4074 672 4147 Aeheldamalr
694 4091 728 4146 et
756 4083 871 4167 Gyen,
901 4082 1130 4147 adsuendimus
1150 4100 1257 4165 usqne
1287 4080 1329 4144 ed

159 4203 274 4269 ugrum
296 4187 443 4269 lullonis,
465 4188 520 4251 nlri
541 4189 723 4271 incepimus
755 4189 942 4270 eirouitum,
965 4196 998 4250 et
1018 4205 1078 4271 per
1108 4195 1235 4270 portem
1256 4187 1331 4268 pls·
1397 4213 1398 4218 1

160 4291 246 4354 oium
256 4291 398 4375 ingressi
410 4309 523 4356 sumus
533 4293 698 4357 civitaten
708 4300 906 4376 sanotam,ot
917 4308 990 4354 oum
1001 4290 1139 4354 dominis
1149 4286 1331 4372 peregrinis
