3202 5218
710 288 771 354 lbi

159 468 225 536 due
247 469 365 536 iratres
387 468 430 534 de
450 469 647 535 monasterio
665 467 701 532 Ι.
735 467 934 533 Cstbsrinse
959 469 1005 534 ibi
1025 479 1188 536 morantes
1207 473 1327 538 eltnle-

153 585 227 640 runt
248 576 343 639 nobis
363 578 492 641 cariem
513 584 546 638 et
568 574 749 638 desiecutos
772 571 923 656 dactylos
964 582 1003 638 et
1021 592 1153 657 equam,
1187 577 1228 640 de
1251 580 1327 661 qui·

151 680 213 742 bns
234 698 293 762 pro
313 679 482 762 refrigerio
517 682 547 742 el
574 677 811 741 confortatione
831 676 1012 741 libavimus.
1049 677 1128 742 Post
1157 681 1228 762 boe,
1249 684 1327 765 qula

5 801 8 818 ·
151 781 299 847 nondum
328 787 481 852 meridies
510 793 589 866 erat,
610 779 818 844 consedimus
843 789 878 843 et
905 779 1169 864 deliberavimus,
1201 784 1326 849 anille

152 890 208 954 die
236 890 331 976 etiam
355 896 496 950 montem
519 884 554 948 S.
578 883 774 949 Cetbarinae
791 885 969 950 escendere
981 885 1150 968 vellemus,
1173 895 1227 950 aut
1248 890 1325 971 qui-

151 995 266 1057 escere
285 1009 392 1076 usqne
414 992 447 1051 ln
471 990 657 1054 crastinum.
700 991 738 1053 ln
759 990 845 1054 banc
865 1000 972 1054 sutem
1003 993 1216 1054 convenimus
1243 1009 1324 1056 sen-

151 1099 302 1178 tentiam,
329 1104 365 1158 ut
381 1094 528 1176 juniores
546 1102 580 1156 et
598 1095 745 1158 saniores
774 1103 806 1156 et
826 1093 884 1177 qni
906 1093 1050 1177 vellent,
1068 1094 1137 1176 jam
1159 1095 1324 1159 ascende-

154 1211 227 1266 rent
256 1211 288 1264 et
323 1201 395 1264 loco
429 1200 560 1262 visitate
591 1208 668 1261 unte
700 1215 868 1261 occursum
905 1197 985 1260 selis
1012 1206 1229 1284 reverterent,
1266 1199 1321 1263 alit

152 1324 235 1370 vere
256 1307 402 1369 seniores
425 1313 458 1365 et
481 1301 653 1365 debiliores
681 1320 775 1365 mene
796 1303 830 1366 in
852 1303 973 1386 lrigore
993 1304 1054 1367 iter
1074 1304 1250 1386 prriperent
1278 1303 1321 1368 sd
1394 1279 1408 1307 ⁸

151 1407 403 1479 ascendendum.
445 1407 663 1472 surrexerunt
684 1424 762 1468 vero
784 1403 896 1470 decem
926 1407 1090 1490 peregrini
1123 1410 1320 1472 robustiores

61 1556 68 1564 -
152 1515 194 1579 ad
216 1511 455 1578 ascendendum
476 1512 579 1594 parati
597 1511 630 1572 in
647 1511 877 1574 intensissimis
899 1512 1054 1595 uestibus,
1078 1529 1214 1595 querum
1236 1512 1321 1574 haec

150 1627 227 1683 sunt
247 1619 392 1681 nominat
416 1613 564 1678 dominus
580 1613 749 1678 Jolrennes
770 1631 880 1680 comes
902 1614 944 1678 de
971 1614 1097 1697 Solms,
1117 1614 1229 1697 miles,
1259 1615 1322 1680 do-

151 1724 259 1787 minus
289 1721 463 1784 blelnricus
489 1719 531 1782 de
557 1718 777 1803 Schomberg‚
813 1719 923 1803 miles,
956 1718 1104 1783 dominus
1123 1717 1215 1804 Sigis
1223 1739 1320 1784 mun·

152 1827 215 1890 dus
237 1824 279 1889 de
308 1825 501 1907 Marspaclr,
529 1820 639 1905 miles,
662 1821 810 1885 domiuus
841 1823 968 1907 Caspar
999 1824 1039 1888 de
1059 1822 1181 1907 Siculi,
1205 1825 1320 1908 miles,

112 1972 118 1986 ·
151 1932 303 1998 dominus
323 1929 482 2005 basinus,
502 1926 749 1991 archidiaconus
763 1935 795 1990 et
813 1931 990 1994 canonicus
1010 1928 1174 1994 ecclesiae
1209 1939 1320 1996 trans·

149 2034 372 2121 sylvaniensis
393 2035 426 2096 in
447 2032 612 2115 Ungaria,
634 2030 735 2093 lraler
755 2029 851 2096 Felix
872 2032 915 2095 de
940 2033 1043 2114 Ulmo,
1066 2031 1192 2096 ordinis
1215 2033 1319 2099 Prae·

152 2141 347 2222 dicatorum,
376 2147 469 2220 peter
492 2136 615 2201 Paulus
637 2133 829 2220 Gnglinger,
861 2135 982 2200 ordinis
1002 2138 1185 2221 Minornm,
1217 2137 1319 2202 trater

150 2245 310 2326 Tbomes,
337 2257 516 2305 conversus
547 2237 692 2320 ejusdem
734 2239 875 2324 ordinis,
906 2250 940 2305 et
973 2241 1035 2306 duo
1064 2243 1191 2306 comilis
1218 2243 1318 2328 servi,

150 2350 318 2415 Jonannes
337 2355 378 2409 et.
401 2345 581 2426 conradus.
624 2345 670 2407 ldi
698 2346 852 2408 assumtis
879 2363 990 2410 meum
1012 2345 1173 2431 aliquibus
1193 2347 1318 2412 Arabi-

153 2455 215 2518 bns
235 2457 375 2516 montem
397 2449 625 2513 arduissimnm
647 2446 684 2514 S.
710 2450 905 2514 catharinae
925 2453 1074 2535 aggressi
1096 2459 1181 2515 sunl.

233 2553 449 2619 Ascendimus
468 2572 546 2636 ergo
571 2561 711 2616 montem
736 2571 795 2638 per
813 2555 898 2618 viam
911 2555 1098 2640 longiorem,
1119 2559 1316 2639 asperiorem

151 2669 185 2726 et
205 2659 385 2742 duriorem,
413 2677 471 2742 per
497 2658 605 2721 invias
633 2657 833 2742 crepidines,
864 2678 922 2741 per
939 2660 1092 2743 scopulus
1112 2669 1314 2744 pmcruptos,

150 2783 210 2848 per
230 2773 338 2847 petras
358 2760 654 2845 superpendeules,
686 2781 745 2846 per
771 2763 915 2826 minaces
936 2781 1045 2846 rupes,
1065 2783 1124 2849 per
1145 2764 1315 2830 horribiles

150 2867 256 2931 sellus
277 2885 398 2950 perque
419 2868 611 2951 praecipites
621 2867 736 2950 clivos,
758 2885 817 2949 per
840 2868 1078 2931 intensissimus
1099 2867 1238 2952 desuper
1256 2887 1315 2933 so-

152 2971 194 3035 lis
216 2969 359 3034 ardores.
399 2972 474 3035 lduc
494 2991 574 3036 vern
595 2971 699 3036 solnm
712 2973 881 3036 babuimus
895 2971 1105 3054 refrigerium,
1127 2971 1212 3056 quod
1234 2971 1316 3036 dues

70 3123 75 3132 .
150 3076 184 3140 in
206 3075 262 3139 teli
282 3091 423 3139 ascensu
442 3077 551 3141 lenies
572 3080 751 3160 reperimus
784 3093 901 3160 aquam
934 3074 1080 3158 lm'gr'dam
1101 3077 1315 3160 continentes,

148 3179 236 3244 uude
255 3177 521 3245 relocillabemur.
564 3179 700 3259 Quidem
722 3197 801 3243 vero
823 3179 915 3243 miles
936 3180 1059 3244 fractus
1090 3189 1155 3244 laur
1170 3181 1315 3246 violente

148 3283 258 3348 labore
278 3285 407 3367 penitus
427 3285 547 3350 deiecit
567 3295 601 3349 el
622 3285 655 3349 in
677 3284 871 3348 arduissime
898 3283 984 3348 olivo
1007 3283 1154 3348 residens
1175 3284 1315 3368 emplius

147 3389 324 3474 procedere
342 3408 406 3454 neu
429 3391 540 3472 potuit.
582 3387 721 3452 Eramus
748 3396 856 3452 aulem
888 3389 952 3453 ism
979 3388 1064 3452 ultra
1091 3387 1232 3452 medinm
1254 3405 1316 3452 as-

147 3511 268 3558 census
290 3503 323 3556 et
352 3501 449 3576 caput
470 3493 588 3557 montis
603 3492 745 3556 vidimus
765 3491 840 3556 lieet
862 3491 959 3575 louge
981 3509 1096 3575 supra,
1126 3491 1312 3578 quoddam

148 3597 242 3661 miles
261 3597 317 3660 ille
337 3596 452 3688 debilis
475 3599 647 3680 aspiceret,
676 3596 864 3680 desperavit
889 3615 928 3658 se
948 3613 1047 3679 posse
1075 3597 1253 3665 ascendere
1281 3605 1315 3660 et

148 3702 275 3784 rogavit
304 3718 381 3784 nos,
412 3707 449 3764 ut
475 3700 745 3784 ascenderemus,
767 3717 905 3784 eumque
933 3699 977 3762 ibi
999 3699 1102 3762 solum
1122 3711 1314 3783 exspectare

147 3822 208 3869 nos
228 3807 419 3868 sineremus.
462 3805 516 3869 nd
535 3806 669 3870 boenes
681 3807 895 3871 euimavimus
914 3822 989 3866 eum
1015 3813 1048 3866 et
1070 3821 1198 3868 sursum
1218 3821 1314 3868 ereo-

146 3915 213 3973 tum
235 3908 466 3994 aliquantulum
489 3909 665 3994 procedere
683 3911 867 3993 coegimus,
889 3907 1314 3992 qni‘eliquotienssubme-

146 4014 243 4078 nibus
268 4015 390 4079 nostris
411 4015 631 4097 quasiemens
647 4015 810 4078 interram
828 4011 1045 4096 dilabebatur,
1066 4012 1241 4098 ligavimus
1252 4029 1314 4077 au·

147 4125 211 4179 tem
252 4117 416 4182 sudarium
452 4119 584 4202 longum
617 4118 659 4182 ad
693 4119 857 4202 cingulum
897 4117 991 4199 ejus,
1030 4135 1088 4200 per
1124 4117 1211 4201 quod
1250 4117 1314 4180 ali·

147 4219 202 4299 qul
229 4237 302 4281 eum
334 4223 519 4306 trahebant,
554 4223 653 4307 eliqnl
686 4240 801 4286 manns
840 4221 912 4304 ejus
951 4223 1105 4286 tenebant
1148 4221 1313 4285 trebenles

147 4339 206 4403 per
225 4321 370 4404 brachia,
390 4325 489 4410 aliqui
514 4325 555 4390 ad
577 4325 706 4390 demum
718 4327 790 4408 ejus
802 4327 975 4390 elabentes
995 4325 1313 4406 eursumtrelrebsnt,

1576 460 1595 501 δ
