3204 5216
717 256 778 322 tto

153 439 193 504 in
215 437 352 523 prandio
373 455 472 523 qnam
491 439 525 500 in
555 454 659 500 coena
688 453 860 502 excessum
891 437 956 504 ieci
987 438 1211 506 manducando
1232 441 1328 507 nimis

155 543 260 609 avide
280 543 446 626 mainnes,
467 541 555 626 qnod
575 543 608 605 in
630 533 748 604 maiorm
771 556 877 606 meum
899 541 973 606 ieci.

246 650 424 712 'iricesime
444 648 498 712 die
519 647 566 710 nn
587 655 674 711 tetus
700 645 836 730 debilis,
866 657 985 711 etune
1011 647 1197 712 sontissima
1227 650 1328 716 rebus

156 755 282 820 invesit
303 772 370 835 rue,
402 766 435 816 et
456 752 608 816 ardebam
636 751 744 816 celere
773 751 875 815 'nimio
902 755 1066 834 incensus,
1109 752 1218 836 credo,
1241 753 1327 837 quod

157 869 291 943 propter
310 857 476 940 melnnas,
496 875 582 941 quae
606 864 682 919 sunt
703 858 736 916 in
757 851 940 920 Jeruseiem
962 858 1171 922 dulcissimae
1197 867 1229 921 et
1250 861 1327 942 pin·

158 981 253 1048 gues.
302 963 500 1027 infirmarius
515 970 639 1026 »eutem
669 962 784 1040 irater,
813 961 977 1044 Baptista,
1010 979 1119 1025 curem
1152 963 1324 1028 sollicitem

159 1069 238 1132 mihi
261 1067 422 1150 adhibuit,
445 1086 561 1151 meque
581 1066 691 1129 statim
716 1067 844 1129 curavit
868 1081 1047 1150 procurans
1079 1068 1155 1130 mihi
1177 1067 1324 1133 sudores.

159 1165 203 1238 Et
224 1175 271 1235 ita
292 1173 347 1236 ille
369 1173 422 1236 die
443 1173 484 1240 de
506 1172 589 1235 cella
609 1187 674 1234 non
691 1187 764 1234 eum
786 1187 950 1254 egressus.
1031 1213 1032 1218 κ

244 1279 423 1341 'i'ricesima
453 1280 554 1361 prime
579 1274 707 1358 audivi,
738 1276 823 1358 qnod
851 1275 914 1339 duo
934 1275 980 1338 de
1004 1278 1103 1344 sociis
1126 1279 1210 1339 meis
1230 1293 1327 1359 pere-

159 1383 264 1466 grinis
285 1390 397 1446 essem
421 1382 554 1464 infirmi,
577 1390 609 1443 et
630 1389 774 1443 assumto
798 1379 913 1444 baculo
946 1397 1004 1464 pro
1026 1390 1284 1448 sustentamento
1305 1400 1326 1444 a

159 1494 268 1550 monte
290 1486 381 1570 Syon
399 1485 553 1550 descendi
574 1500 647 1546 cum
668 1502 785 1566 magna
807 1481 997 1548 ditiicnltete
1018 1496 1149 1569 propter
1171 1486 1325 1550 debilita-

159 1601 225 1654 tem
253 1608 358 1661 meam
385 1588 427 1652 ud
453 1590 625 1672 hospitium
657 1587 856 1652 dominorum
889 1591 1149 1672 peregrinorum,
1180 1591 1255 1656 licet
1282 1592 1328 1654 sit

159 1697 214 1758 vie
236 1697 317 1758 satis
338 1695 437 1777 longe
458 1694 639 1756 descensus
665 1704 698 1757 et
728 1711 905 1777 ascensus,
929 1687 1148 1779 *infirmosque
1179 1696 1326 1762 infirmus

159 1800 311 1882 visitavi,
344 1807 378 1862 et
402 1800 506 1862 mensi
528 1797 583 1861 iiio
613 1805 681 1862 toto
706 1795 759 1860 die
787 1815 860 1860 cnm
883 1801 947 1881 eis3
974 1799 1009 1860 in
1040 1815 1115 1862 sero
1149 1815 1229 1863 vere
1263 1799 1326 1863 duo

161 1904 281 1967 milites
313 1902 508 1966 reduxerunt
541 1920 593 1963 me
614 1898 656 1963 ad
687 1901 791 1968 locum
822 1922 926 1965 meum
961 1897 1043 1965 bene
1076 1913 1255 1968 recreatum
1291 1913 1325 1966 et

160 2024 265 2092 paene
282 2017 430 2071 sanatum
444 2003 515 2090 (B)
526 2009 560 2070 in
579 2014 718 2070 montem
730 2006 833 2090 Syon,
847 2011 882 2069 in
903 2026 999 2090 quem
1021 2007 1095 2071 dum
1111 2009 1326 2089 venissemus,

160 2114 344 2176 invenimus
376 2121 478 2176 totum
510 2118 703 2174 conventum
737 2118 813 2171 ante
845 2112 1073 2174 monesterium
1096 2114 1130 2172 in
1153 2111 1327 2173 cottidiana

160 2217 347 2280 visitatione
383 2223 567 2278 sanctorum
599 2214 742 2277 locorum
781 2224 969 2296 vacentem,
1002 2229 1074 2276 cum
1105 2231 1168 2298 quo
1200 2221 1233 2276 et
1262 2231 1325 2294 ego

161 2322 311 2402 circuivi,
331 2323 415 2384 sicut
437 2318 519 2382 alies
543 2336 793 2401 consueveram,
822 2328 854 2381 et
876 2337 948 2382 cum
972 2317 1124 2382 iratribus
1144 2319 1263 2402 pariter
1283 2315 1325 2380 ad

160 2425 377 2496 dormitorium
400 2441 452 2486 me
471 2422 583 2488 reduxi
604 2424 637 2486 in
659 2423 774 2488 cellam
796 2442 899 2486 meam
921 2433 984 2495 etc.
1026 2421 1123 2487 Hanc
1144 2425 1229 2486 enim
1252 2423 1326 2486 lan·

160 2527 297 2592 debilem
320 2537 354 2590 et
374 2537 519 2591 sanctam
539 2528 803 2592 connsuetudinem
821 2529 940 2593 habent
957 2531 1075 2594 iratres
1093 2531 1211 2595 montis
1222 2528 1325 2612 Syon,

162 2632 249 2715 qnod
276 2633 361 2695 omrri
389 2651 480 2715 sero,
513 2640 644 2696 cantato
666 2643 698 2695 et
728 2633 819 2700 finito
841 2633 1066 2717 completorio,
1098 2635 1232 2697 visitant
1253 2633 1327 2698 luca

162 2746 278 2798 sanem
297 2755 356 2820 pro
377 2735 587 2820 indulgentiis
612 2737 835 2822 acquirendis,
858 2739 921 2805 hoc
940 2737 1044 2802 modo.
1085 2733 1193 2801 Primo
1215 2744 1326 2797 trans-

160 2841 302 2904 suntad
323 2841 429 2922 majus
450 2842 568 2924 altare,
601 2844 656 2907 ubi
678 2853 728 2905 est
749 2842 840 2906 locus
862 2827 1073 2905 institutionis
1103 2840 1325 2920 eucharistiae,

163 2954 198 3006 et
226 2946 271 3009 ibi
302 2963 340 3008 se
369 2955 593 3029 prosternunt,
630 2945 735 3009 locum
778 2945 1007 3008 deosculantur
1047 2955 1079 3008 et
1108 2943 1326 3026 indulgentias

163 3051 351 3132 percipiunt.
394 3049 521 3113 Deinde
543 3050 585 3113 ad
617 3050 721 3113 locum
754 3049 885 3112 lotionis
917 3048 1033 3132 pedum
1063 3048 1255 3132 procedunt,
1292 3055 1325 3109 et

165 3163 242 3237 post
263 3155 324 3218 hoc
345 3173 445 3236 super
466 3157 619 3220 embitnm
647 3157 849 3218 circumeunt
870 3153 911 3217 ad
933 3154 1037 3216 locum
1060 3154 1222 3218 missionis
1247 3151 1326 3235 Spi-

164 3259 244 3320 ritus
266 3257 397 3340 Sencti,
427 3269 460 3322 ct
481 3261 526 3322 rui
546 3260 749 3324 descendunt
771 3260 811 3322 ed
834 3259 989 3341 capeliam
1011 3257 1046 3321 S.
1069 3255 1212 3322 Thomee
1232 3258 1326 3340 Apo·

162 3363 253 3444 stoli,
287 3373 319 3424 et
344 3361 464 3426 ambitu
493 3366 635 3427 citonato
666 3365 822 3448 capellam
846 3362 881 3426 S.
903 3363 1072 3426 Francisei
1104 3362 1328 3446 ingrediuntur

162 3485 263 3550 prope
282 3476 405 3550 portam
429 3479 460 3532 et
478 3468 658 3532 columnam
669 3469 814 3551 Domini,
831 3468 875 3530 ibi
897 3465 1087 3530 deosculete
1100 3475 1192 3550 porta
1208 3476 1327 3530 exeunt

1 3549 2 3564 ¹
63 3585 68 3600 ·
163 3570 305 3634 claustro
327 3571 369 3633 ad
390 3570 495 3636 iocum
519 3573 648 3636 oratorii
669 3575 786 3636 beatae
807 3572 955 3654 Virginis
977 3567 1102 3634 Mariae
1136 3580 1169 3633 et
1190 3570 1266 3634 inde
1287 3569 1328 3633 ad

160 3673 267 3738 locum
289 3675 539 3758 praedicationis
560 3676 693 3760 Christi,
720 3677 817 3740 stibi
839 3684 1031 3739 convertunt
1050 3693 1089 3738 se
1108 3675 1150 3738 ed
1171 3675 1327 3758 sepulch-

162 3798 233 3844 rum
254 3779 363 3843 Duvid
384 3788 419 3842 et
442 3781 574 3844 eliorum
597 3799 708 3864 regum
730 3788 931 3863 sanctorum,
954 3790 988 3843 et
1009 3780 1085 3844 inde
1105 3781 1138 3842 in
1157 3781 1339 3861 coquinam*

161 3885 291 3950 Domini
311 3885 521 3969 perveniunt,
543 3893 576 3948 et
597 3885 637 3948 ab
659 3902 699 3948 ea
718 3882 760 3946 ad
781 3885 988 3967 sepulchrum
1010 3883 1046 3947 S.
1070 3883 1227 3966 Stephani
1247 3900 1327 3966 prc-

162 3988 293 4072 cednnt,
305 4008 326 4051 e
346 4007 410 4074 quo
432 3990 642 4074 circumeunt,
653 4005 758 4073 usque
779 3988 820 4052 ud
841 4005 974 4072 specum
995 3988 1212 4072 poenitentiae
1223 3985 1329 4050 David

164 4092 374 4158 descendunt.
414 4092 466 4155 De
483 4111 586 4177 specu
607 4113 685 4158 vero
706 4093 747 4157 ad
769 4111 869 4158 cornu
889 4094 1008 4156 montis
1029 4092 1120 4177 Syon
1139 4091 1330 4175 procedunt,

164 4207 423 4282 convertuntque
442 4215 481 4262 se
500 4200 639 4282 genibus
660 4197 754 4268 flexis
781 4206 894 4262 contra
926 4199 1080 4263 orientem
1115 4196 1157 4259 ed
1189 4204 1331 4258 montem

165 4299 299 4386 oliveti,
321 4321 386 4368 una
408 4311 440 4366 et
467 4305 559 4368 brevi
585 4303 729 4367 cretione
756 4304 863 4367 omnia
884 4301 955 4385 eJus
971 4301 1275 4456 locusvenerautur,
1296 4305 1332 4362 et

1078 4399 1096 4437 Ὀ
