3240 5222
134 485 195 550 sed
229 485 306 567 quia
340 484 391 546 air
424 479 566 565 prudeus
594 491 681 564 erat,
715 482 832 547 cedere
867 482 972 565 magis
999 499 1093 565 quam
1117 483 1312 548 contendere

134 589 272 654 volebat
301 596 334 650 et
362 587 547 669 assignetis·
567 586 727 670 aliquibus
755 589 882 652 caussis
913 592 965 650 sni
998 605 1149 650 recessus
1181 606 1312 651 assum-

135 696 244 778 lisque
263 693 377 776 paucis
397 691 506 778 servis
530 693 707 755 exercitum
730 692 904 776 dereliquit
925 699 960 754 et
981 691 1013 754 in
1026 691 1154 773 Syriam
1176 692 1312 775 protec-

135 807 191 862 tus
235 804 296 860 eat.
360 797 488 857 lnterea
529 796 661 859 cottidie
695 799 873 880 augebatur
914 798 1077 860 exereitus
1122 805 1155 858 et
1194 814 1312 879 magne

136 900 306 966 multitudo
328 901 458 964 navium
482 900 761 965 venitllamiatam
783 902 825 965 de
837 902 1017 968 occidente.
1059 899 1213 982 Pelagius
1233 917 1311 982 ergo

137 1007 348 1088 cougregatis
371 1004 544 1086 majoribus
562 1004 740 1088 judicabat,
765 1015 876 1069 contra
899 1005 1075 1070 soldanum
1096 1021 1172 1066 esse
1193 1022 1312 1086 proce-

136 1109 291 1191 dendum,
313 1110 368 1192 qni
395 1119 504 1174 castra
524 1120 760 1192 sueposuerat
779 1129 880 1194 super
913 1111 1039 1186 Nilum,
1070 1109 1185 1171 itinere
1214 1108 1311 1170 nnius

137 1213 202 1278 diei
221 1232 241 1277 a
262 1214 419 1276 Damieta
452 1214 603 1277 blilitaris
626 1223 733 1276 autem
747 1218 905 1298 magister
926 1215 1035 1297 legato
1057 1212 1310 1295 contradicebat,

136 1336 199 1382 nec
220 1327 329 1380 tamen
350 1328 496 1402 poterat,
523 1328 558 1382 ut
588 1337 780 1382 semovere
811 1320 914 1382 vellet
946 1319 1072 1402 absque
1093 1335 1180 1400 rege.
1217 1316 1313 1381 Uude

139 1423 268 1506 legatus
297 1422 433 1504 videns,
464 1424 550 1506 quod
578 1425 650 1487 siue
681 1427 865 1506 praesentia
902 1425 989 1507 regis
1011 1423 1174 1506 negotium
1197 1439 1313 1504 proce-

139 1526 216 1590 dere
234 1545 299 1589 non
320 1527 462 1610 valebat,
482 1528 634 1592 solennes
657 1530 696 1592 ed
719 1548 793 1594 eum
823 1530 910 1592 misit
938 1529 1089 1610 omnies,
1120 1526 1312 1608 deprecans,

137 1640 173 1693 ut
194 1631 410 1713 comparando
432 1635 592 1696 exercitui
609 1635 787 1698 christiano
809 1644 842 1696 et
864 1652 901 1696 se
927 1633 1028 1696 tilium
1057 1630 1221 1694 ecclesiae
1241 1630 1313 1693 llo-

136 1754 254 1798 mauae
266 1735 502 1799 demonstraret
513 1747 545 1799 et
558 1738 675 1801 rediret
687 1739 727 1802 ad
743 1730 931 1821 exercitum,
955 1738 1009 1820 qui
1022 1744 1109 1799 tanto
1128 1755 1201 1800 cum
1221 1735 1313 1798 desi-

142 1839 232 1903 derio
254 1839 430 1902 affectabat
446 1840 559 1904 redire.
595 1842 669 1906 Rex
686 1846 763 1928 ergo
782 1843 925 1927 prudens
943 1841 1083 1903 collecto
1101 1842 1247 1904 exercitu
1271 1859 1314 1904 ex

139 1943 238 2027 Syria
254 1943 423 2008 deseendit
438 1955 481 2026 et,
504 1955 539 2008 ut
553 1947 676 2010 audivit
694 1950 793 2031 legati
814 1945 1016 2031 propositum
1033 1943 1074 2006 de
1085 1944 1315 2028 aggrediendo,

1 2091 3 2098 ν
140 2049 259 2112 bellum
283 2050 411 2112 omnino
434 2048 642 2114 dissuadebat
669 2052 804 2134 diceus,
826 2050 962 2135 quodsi
984 2068 1023 2112 eo
1045 2056 1188 2128 tempore
1210 2065 1316 2128 popu-

141 2153 194 2216 lus
223 2155 419 2216 christianus
447 2154 654 2239 procederet,
689 2162 750 2222 neo
781 2175 841 2238 per
869 2163 988 2216 terram
1024 2168 1085 2213 neo
1113 2169 1171 2232 per
1199 2167 1315 2230 aquam

141 2258 298 2342 populea
318 2258 470 2321 Damiata
489 2261 608 2342 poterit
635 2260 812 2342 subveniri,
835 2259 973 2322 maxime
1002 2275 1075 2320 oum
1105 2264 1232 2337 tempus
1263 2254 1316 2316 in·
1452 2251 1454 2260 ’

144 2370 257 2445 staret,
280 2381 343 2445 quo
365 2363 463 2426 Nilus
494 2365 614 2427 fluvius
646 2365 827 2428 inundaret.
870 2365 1016 2446 hogaom
1044 2371 1150 2424 autem
1181 2357 1316 2420 moleste

142 2469 239 2532 nimis
262 2469 371 2533 terens
393 2487 444 2552 ea,
474 2486 597 2551 quaea
628 2470 757 2534 domino
791 2489 870 2554 rege
900 2467 1075 2552 prudenter
1101 2475 1134 2528 et
1167 2465 1317 2530 corrsulte

145 2571 353 2651 dicebantur,
396 2575 693 2638 excommunicabat
737 2594 850 2639 omnes
891 2574 1084 2658 generaliter
1126 2572 1213 2634 illius
1255 2590 1317 2632 ne-

143 2679 225 2759 gotii
256 2679 448 2742 turbatores.
491 2678 620 2742 Videras
659 2689 765 2745 autem
800 2699 858 2743 rex
890 2679 1031 2742 animum
1065 2678 1164 2759 legati
1203 2676 1244 2738 ab
1276 2693 1315 2737 eo

143 2784 306 2865 proposito
329 2786 488 2846 removeri
515 2804 578 2846 nou
600 2803 709 2867 posse,
732 2784 807 2848 licet
828 2784 1024 2846 invitissime
1044 2783 1179 2862 faceret,
1202 2779 1317 2844 obtulit

35 2923 38 2930 ι
144 2903 183 2948 se
203 2906 261 2969 pro
283 2886 465 2950 obedientia
486 2889 648 2952 ecclesiae
675 2887 717 2950 ad
752 2886 868 2950 bellum
900 2895 1015 2948 contra
1037 2885 1212 2948 Soldanum
1240 2904 1317 2966 pro-

144 2989 271 3052 cedere.
319 2990 385 3054 Sed
414 2995 499 3056 sicut
528 2995 598 3076 regi
627 2993 735 3054 visum
766 2992 888 3071 fueret,
914 2990 964 3051 sio
985 2988 1102 3052 accidit
1125 2998 1156 3051 et
1179 2988 1317 3072 populns

145 3093 340 3158 christianus
367 3097 524 3160 seductus
545 3101 579 3160 in
601 3104 722 3159 tantum
733 3095 894 3158 miseriam
911 3093 1045 3157 devenit
1059 3093 1317 3176 propteriamem

146 3205 180 3260 et
198 3197 265 3260 Nili
288 3200 505 3266 inundantiam
528 3212 560 3266 et
582 3200 718 3265 Soldani
740 3201 938 3282 instantiam,
960 3198 1047 3283 quod
1065 3202 1168 3264 coacti
1191 3199 1319 3262 fueruat

146 3301 255 3367 faeere
275 3323 388 3387 pacem
410 3323 482 3370 cum
504 3306 648 3371 Soldano
670 3313 703 3366 et
725 3303 860 3367 reddere
880 3307 1064 3368 Damiatam
1087 3313 1215 3366 etcum
1238 3321 1319 3365 eou-

146 3407 275 3471 lusione
297 3410 451 3474 recedere
471 3413 512 3474 eb
537 3412 692 3494 Aegypto
712 3418 745 3471 et
765 3409 869 3472 redire
890 3411 923 3474 in
944 3409 1084 3492 Syriam.

229 3512 314 3577 Sunt
335 3533 413 3598 ergo
436 3516 531 3580 datae
551 3525 686 3598 treugae
714 3525 787 3578 octo
816 3517 910 3578 annis
940 3515 1024 3576 inter
1048 3511 1255 3576 Christianos
1287 3515 1319 3569 et

145 3616 347 3682 Sarracenos
368 3629 401 3683 et
422 3621 524 3684 nostri
547 3619 701 3683 derelicta
727 3618 874 3680 Damiata
902 3625 1106 3681 recesserunt
1128 3634 1200 3678 cnm
1223 3615 1319 3695 igno-

146 3723 246 3788 minia
266 3725 490 3810 unusquisque
511 3724 544 3786 iu
572 3723 677 3786 locum
699 3741 803 3787 suum.
845 3723 953 3802 Ecce,
981 3739 1077 3806 quam
1104 3717 1182 3781 utile
1217 3717 1320 3780 luiss-

146 3834 200 3908 et,
229 3831 260 3890 st
279 3830 413 3912 primam
439 3829 705 3910 compositionem
739 3834 982 3909 acceptassent,
1018 3843 1113 3908 quem
1142 3843 1200 3886 rex
1220 3823 1321 3885 Jeru-

148 3931 248 3994 salem
281 3941 315 3996 et
354 3951 470 3998 omues
500 3931 620 3996 Gallici
656 3941 689 3994 et
711 3931 902 3996 'l'heutonici
924 3929 1130 3992 libentissimi
1153 3927 1321 4011 iecissept,

148 4035 206 4097 sed
245 4039 398 4119 superbie
439 4039 502 4105 ista
539 4035 709 4100 maledicta
750 4033 849 4118 legati
890 4053 1024 4116 regnum
1069 4032 1322 4115 Jerosolymite-

149 4158 225 4204 num
257 4141 397 4223 perdidit
429 4151 462 4205 et
494 4141 676 4205 Damiatam
709 4139 900 4204 Sarraceuis
934 4140 1075 4202 restitnit
1107 4147 1140 4200 et
1169 4137 1322 4219 populum

150 4241 260 4324 916
271 4245 324 4322 Δ)
346 4245 500 4330 dispersit
521 4255 554 4308 et
575 4243 722 4329 perdidit.
758 4243 876 4307 blirum
891 4252 954 4323 est,
977 4242 1063 4326 quod
1081 4243 1146 4306 iste
1158 4241 1323 4323 Pelagius,

151 4345 207 4406 vel
228 4350 336 4430 potius
352 4351 541 4434 perditionis
552 4350 698 4434 pelagus,
720 4365 784 4408 uon
798 4346 858 4410 lrdt
871 4349 903 4410 iu
916 4347 1003 4410 mille
1018 4347 1121 4499 frus²tp
1132 4345 1322 4424 discerptus.
