3212 5206
310 494 343 554 el
363 489 515 554 mulieres
535 487 726 553 meliertbus
754 487 947 552 ministrant.
992 485 1138 550 Judaeos
1160 490 1258 552 etlam
1279 487 1369 552 nullo
1388 499 1493 572 pacto

310 595 351 660 ad
373 614 412 659 se
425 592 551 676 ingredi
564 593 597 656 in
618 593 736 656 balnea
750 595 872 675 sinunt,
888 591 948 656 sed
970 610 1030 654 nos
1044 593 1208 656 sustinent
1226 611 1348 657 secum.
1377 593 1494 678 Saepe

310 702 445 780 miratus
467 701 622 781 iniquae
637 715 738 761 causa
758 699 814 777 sit,
828 695 914 780 quod
935 697 1008 760 sine
1029 697 1179 760 molestia
1197 715 1259 762 nos
1279 699 1390 760 sinunt
1406 681 1492 764 ¹cunr

310 809 361 870 ela
386 805 550 883 balneare,
572 821 646 866 cum
668 813 777 865 tamen
797 802 878 864 alias
899 820 963 866 non
985 802 1196 868 amicabiliter
1215 803 1383 866 nobiscum
1404 821 1490 868 con-

309 920 492 976 versentur.
522 907 590 972 Sed
603 907 760 990 triplicem
783 925 859 971 esse
874 924 1007 970 causam
1020 907 1109 970 illius
1126 909 1173 970 rei
1193 909 1337 971 arbitror.
1366 907 1490 992 l’rirae,

310 1017 388 1099 quia
410 1014 486 1078 lieet
508 1031 572 1076 non
593 1011 804 1076 amicabiliter
824 1013 991 1076 nobiseum
1019 1021 1253 1074 conversentur
1266 1015 1490 1096 communiter,

313 1119 443 1207 qnando
463 1129 573 1182 tamen
606 1119 714 1180 sciunt
734 1125 766 1178 et
789 1116 983 1198 intelligunt
1009 1133 1047 1178 se
1077 1134 1097 1178 a
1118 1119 1214 1180 nobls
1245 1116 1411 1181 habituros
1432 1119 1489 1180 lu-

308 1244 399 1290 crum
421 1233 455 1286 at
475 1223 662 1307 pecuniam,
683 1231 761 1284 tune
782 1240 847 1284 non
870 1219 975 1284 solum
995 1221 1205 1284 amicabiliter
1231 1223 1324 1285 nobis
1345 1241 1489 1286 conver·

297 1337 441 1411 samur,
462 1327 522 1392 scd
550 1327 714 1390 serviliter
747 1327 841 1389 nobis
869 1325 1096 1406 subjiciuntur,
1117 1335 1152 1389 et
1170 1328 1256 1409 ·quia
1281 1329 1405 1410 sciunt,
1426 1345 1491 1391 nos

310 1436 396 1498 bene
417 1433 547 1498 solvere
568 1433 797 1513 balneatorem,
817 1429 954 1494 libenter
982 1429 1146 1494 sustinent
1172 1449 1244 1496 nos.
1288 1431 1366 1492 Alia
1386 1447 1492 1493 causa

309 1539 442 1622 dicitnr,
464 1535 553 1621 quod
573 1536 747 1600 sarraceni
776 1535 915 1618 quodam
942 1535 1104 1597 teterrime
1134 1533 1258 1599 icetcrc
1285 1535 1490 1617 sordescant,

308 1651 557 1726 propterquam
580 1641 785 1703 creberrimis
808 1640 1054 1722 baptismatibus
1075 1648 1106 1702 et
1132 1641 1234 1704 variis
1259 1648 1403 1723 utuntur,
1425 1658 1490 1703 noa

308 1765 400 1827 vero,
422 1746 499 1830 quia
525 1746 648 1808 foetore
668 1744 723 1807 illc
745 1738 904 1824 caremus,
917 1763 982 1808 ncn
1003 1752 1126 1825 curant,
1146 1745 1323 1828 quodcum
1343 1746 1393 1807 eis
1413 1745 1491 1808 bal-

310 1870 453 1915 ncemur.
487 1848 582 1928 Quod
595 1849 732 1915 ludaeis
752 1867 817 1911 non
838 1848 1017 1930 indulgent,
1032 1850 1088 1930 qul
1109 1849 1220 1931 pejore
1242 1849 1365 1914 foetore
1385 1866 1490 1934 aqua-

311 1957 398 2039 lent3
414 1955 553 2018 libenter
574 1972 635 2018 ncs
650 1955 684 2016 in
705 1953 830 2018 balneis
846 1951 974 2035 vident,
990 1953 1074 2016 sicut
1088 1955 1172 2016 enim
1185 1952 1333 2036 leprosus
1353 1955 1489 2039 gaudet,

309 2060 385 2126 dnaa
407 2078 509 2124 sanus
532 2061 747 2122 communicat
768 2058 812 2138 ei,
831 2077 873 2120 ea
894 2077 944 2140 ec,
964 2057 1050 2138 quod
1073 2077 1138 2122 non
1158 2061 1331 2143 spernitur,
1346 2071 1380 2123 et
1400 2059 1490 2144 quod

309 2175 437 2251 sperat,
459 2181 497 2228 sc
524 2174 655 2247 prepter
681 2182 797 2226 sanum
820 2161 936 2225 melius
955 2162 1156 2227 habiturum:
1178 2165 1229 2228 sic
1248 2165 1389 2230 foetidam
1404 2165 1490 2228 Sar-

311 2288 451 2334 racenus
472 2268 592 2350 gaudet
614 2268 850 2334 communicare
868 2285 945 2362 cum
967 2285 1036 2331 nort
1062 2267 1213 2332 iceterrte.
1256 2271 1366 2332 Tertia
1386 2286 1490 2332 eausa

311 2384 374 2457 eet,
386 2373 474 2457 quod
495 2391 557 2436 nos
576 2375 739 2438 sustinent
759 2389 885 2448 secum,
902 2373 977 2453 quia
993 2373 1217 2437 machometus
1237 2394 1302 2438 non
1324 2375 1490 2458 prohibuit

312 2480 362 2544 eis
376 2479 614 2542 communicare
635 2479 729 2542 nobis
750 2479 784 2540 iu
802 2475 938 2559 balneis,
951 2475 1011 2539 sed
1031 2479 1064 2540 in
1087 2477 1237 2542 ecclesiis
1259 2489 1392 2543 tantum.
1423 2478 1488 2540 lli-

311 2586 358 2649 cit
389 2582 475 2645 euim
502 2581 536 2644 in
557 2581 741 2644 Alchcranc
775 2599 848 2662 suc,
870 2581 956 2664 qnod
977 2579 1152 2646 Christiani
1185 2585 1302 2648 fuerint
1338 2583 1489 2648 meliores

312 2689 408 2754 amici
429 2689 491 2769 sni,
506 2705 601 2771 quam
616 2684 744 2767 ludaei,
760 2693 796 2748 ut
816 2687 953 2749 hebetur
965 2686 1031 2771 Ny.
1055 2687 1114 2751 Cu.
1129 2690 1216 2752 hibr.
1238 2689 1269 2753 a
1291 2687 1330 2752 C.
1350 2691 1381 2753 ἃ
1410 2688 1489 2752 ldec

311 2815 373 2860 nos
394 2796 427 2858 in
448 2793 566 2857 balnea
586 2811 648 2856 sua
668 2793 838 2876 rccipiunt,
861 2799 893 2853 ct
914 2811 978 2853 non
998 2791 1154 2856 Judaccs.
1198 2795 1273 2857 Hoc
1294 2803 1400 2856 tamen
1421 2811 1489 2856 ncn

312 2902 474 2986 allegatur
493 2913 551 2981 pro
575 2893 670 2958 laude
699 2892 965 2979 Christianorum,
985 2896 1046 2960 sed
1067 2917 1125 2980 pro
1147 2915 1264 2981 magna
1286 2897 1489 2966 confusione.

311 3001 389 3071 l'dec
415 3005 504 3069 nullo
537 3000 632 3066 modo
659 3019 720 3064 nas
739 3003 956 3066 intromittunt
986 3003 1020 3065 in
1041 3002 1214 3066 muscbeas
1246 3021 1368 3071 eorum.
1411 3002 1489 3066 Alia

311 3119 484 3175 causaest
521 3105 764 3188 theologicalis,
798 3111 875 3191 qnia
896 3107 1052 3170 indecens
1085 3117 1146 3190 est,
1169 3107 1383 3171 Christianum
1414 3125 1488 3170 cum

311 3213 428 3298 gentili
448 3209 605 3288 balneari,
629 3216 662 3270 et
683 3207 884 3274 indecentiae
906 3211 988 3274 tales
1011 3208 1138 3274 diabolo
1155 3211 1332 3293 instigante
1349 3212 1489 3274 libenter

313 3318 499 3382 admittunt.
544 3311 640 3390 Quod
671 3320 777 3375 autem
809 3313 939 3392 (toa)
959 3315 1117 3378 indecens
1137 3319 1184 3378 ait
1206 3313 1389 3380 Christiano
1412 3335 1488 3380 enar

311 3422 428 3506 gentili
446 3418 603 3492 balneari,
616 3423 707 3498 patet
726 3419 830 3498 primo
849 3438 890 3480 ex
911 3420 1050 3502 ec,quia
1070 3421 1155 3484 sicut
1167 3419 1287 3484 ludaei
1297 3439 1362 3485 non
1383 3438 1489 3484 cunc-

310 3527 459 3592 tabantur
471 3522 695 3603 samaritanis,
717 3521 763 3584 ita
776 3519 950 3587 Christiani
971 3543 1036 3589 non
1058 3533 1252 3590 cunctantur
1266 3525 1404 3589 Judaeis
1425 3543 1489 3589 nec

309 3634 458 3717 paganis.
501 3632 554 3696 nx
582 3645 621 3690 ao
652 3626 748 3690 etiam
769 3637 876 3711 patet,
904 3631 989 3712 quod
1011 3631 1168 3696 Matthaei
1197 3649 1225 3694 c.
1257 3633 1306 3696 ts.
1327 3630 1489 3694 Dominus

311 3735 458 3817 probibet
473 3732 692 3799 Christianum
707 3735 1028 3798 communicationem
1043 3736 1162 3798 habere
1180 3755 1253 3800 cum
1268 3737 1488 3818 irrccrrigiblli,

258 3901 260 3906 ,
312 3837 443 3900 diceus:
466 3837 518 3902 Sit
547 3837 606 3900 tibi
634 3837 719 3900 sicut
749 3838 915 3921 ethnicus,
945 3841 966 3904 i.
992 3860 1022 3908 e.
1044 3857 1209 3923 paganus,
1230 3843 1324 3924 quasi
1353 3839 1486 3925 diceret,

311 3940 388 4025 inge
405 3941 624 4006 Christianum
646 3946 967 4027 excommunicatum,
980 3947 1066 4010 sicut
1088 3945 1174 4028 fugis
1189 3964 1361 4029 paganum.
1389 3947 1487 4009 Patet

310 4047 407 4109 etiam
430 4047 579 4129 exemplo
601 4047 1017 4132 JohanrrisEvangelistae,
1033 4050 1074 4114 de
1096 4070 1160 4134 quc
1181 4049 1302 4134 legitur
1321 4053 1355 4114 in
1376 4050 1488 4113 eccle-

310 4151 445 4214 siastica
463 4151 608 4235 historia,
630 4153 810 4237 quodcum
831 4157 939 4237 gratia
959 4155 1089 4219 lavandi
1105 4175 1143 4219 ac
1163 4157 1196 4218 in
1218 4157 1349 4240 Epheso
1371 4156 1488 4218 balnea

308 4256 487 4320 introiisset
512 4265 544 4320 et
565 4257 599 4320 in
621 4257 736 4322 balneo
749 4258 938 4322 Corinthum
959 4260 1154 4324 haereticum
1169 4262 1318 4342 vidisset,
1339 4261 1488 4342 protinus

308 4361 431 4445 exiliit,
454 4361 582 4426 dicens:
612 4363 774 4448 fugiamus
801 4364 894 4445 hinc,
916 4385 957 4428 rra
978 4365 1095 4430 balnea
1115 4385 1215 4450 snper
1242 4384 1305 4429 nes
1324 4373 1487 4446 certarent,
