3132 5206
25 181 27 326 q
654 191 699 258 ab

25 399 26 444 t
93 382 250 446 uiuentes
273 381 306 442 in
329 375 449 444 mundo
474 379 667 460 decernitis,
691 395 733 441 na
754 380 928 463 attigeritis
960 395 1066 462 neque
1087 381 1274 444 cbrrtrecta-

25 469 28 556 l
93 485 210 548 veritis
231 486 359 566 omnia,
380 492 562 567 quaesunt
593 485 626 546 in
648 483 811 546 interitum
834 487 905 568 ipso
940 479 1028 548 usu?
1064 485 1173 567 lingis
1195 504 1286 568 crgo.

93 591 288 671 maturitas,
308 590 426 670 ingens
447 597 481 651 et
510 587 723 670 infatigabilis
751 569 884 652 dovotio
924 576 958 651 a't
979 587 1274 671 gaudiosa·mortis

25 687 26 752 ἶ
94 695 307 777 exspectatio
330 691 448 756 debent
477 691 588 756 lucare
609 695 643 756 ia
664 693 777 775 calvo,
801 702 847 756 'nt
869 693 993 759 dicatur
1014 693 1094 776 sibi,
1123 695 1188 756 iam
1209 713 1273 757 nou

94 817 113 860 a
135 797 239 862 malis
262 798 383 890 pneris¹
405 797 464 861 sad
485 817 505 860 a
525 798 631 862 beatis
647 798 793 880 angelis:
816 797 958 862 ucerrda
979 793 1093 881 'calva
1109 797 1272 878 'assanda

94 904 250 986 inquunt,
284 902 380 966 caluo
410 902 453 968 ad
473 912 613 966 montem
650 905 833 965 meritorum
867 904 931 965 tuis
958 902 1051 965 bonis
1068 909 1114 966 et
1138 901 1272 988 jugibus

25 1057 26 1060 ,
95 1009 181 1070 actis
217 1015 477 1088 comportatum,
518 1006 724 1090 coagulatum
764 1014 796 1068 at
823 1000 1064 1090 impinguatum.
1119 1001 1275 1071 Ascende

95 1109 242 1194 demum,
265 1110 369 1193 calve,
390 1110 432 1173 ad
454 1119 592 1174 montem
613 1112 827 1194 praemiorum
856 1119 891 1174 ct
912 1118 1116 1176 aeternornm
1132 1112 1275 1196 gaudin-

96 1228 187 1298 rum,
209 1223 245 1276 et
267 1215 311 1278 ibi
333 1216 392 1277 orit
415 1216 473 1278 tibi
493 1236 551 1299 pro
573 1215 704 1278 calvitio
724 1216 875 1296 crispans
897 1212 1015 1299 erinis,
1036 1218 1122 1280 sicut
1147 1229 1275 1301 peeca-

96 1320 225 1383 toribus
245 1317 308 1382 erit
327 1337 387 1402 pro
407 1321 564 1404 crispanti
585 1321 675 1384 crine
696 1319 874 1384 calvitium.
919 1319 1039 1384 Esaiae
1063 1321 1094 1386 a

25 1403 29 1538 l

98 1567 158 1644 De
177 1566 333 1644 transitu
357 1568 626 1670 peregrinorum
648 1563 695 1644 ad
719 1519 855 1644 fontem
869 1565 1038 1647 Helisaei
1063 1562 1275 1676 prophetae.
1358 1597 1363 1610 ·

185 1750 218 1812 A
244 1749 316 1812 loco
330 1757 333 1762 ’
348 1749 501 1813 susionis
528 1749 564 1812 S.
596 1750 682 1814 calvi
711 1757 948 1832 consequenter
978 1751 1185 1816 ascendimus
1217 1769 1276 1833 per

25 1941 26 1944 Ἴ
103 1855 212 1917 rirnrn
247 1855 449 1917 accurrentis
477 1873 583 1938 aquae
612 1855 704 1918 et'in
725 1855 887 1938 quandam
908 1853 1057 1937 paludem
1086 1854 1276 1939 profundam

103 1957 296 2038 incidimus,
317 1977 414 2042 quam
432 1977 504 2022 cum
527 1960 629 2024 multa
651 1959 844 2023 difficultate
864 1960 1142 2042 pertransivimus.
1165 1960 1276 2043 Aliqui

104 2062 190 2124 enim
214 2079 287 2124 cunr
310 2063 423 2128 asellis
444 2066 478 2128 in
499 2064 565 2128 luto
586 2065 677 2129 inllxi
700 2064 872 2126 manebant
894 2071 927 2124 et
959 2081 1032 2125 cum
1055 2057 1278 2147 deturpationa

25 2145 26 2174 ¹
106 2166 248 2228 omnium
270 2169 536 2234 vestimentorum
564 2187 696 2233 suorum
723 2170 781 2231 vix
808 2165 954 2244 exibant,
988 2175 1021 2227 et
1050 2169 1105 2250 qui
1125 2163 1278 2232 laterales

105 2270 178 2332 vias
199 2278 234 2332 et
258 2273 443 2354 singulares
474 2275 687 2358 quaerebant,
716 2269 911 2356 'profundius
931 2253 1133 2355 incidebant,
1168 2281 1200 2335 et
1221 2274 1292 2358 qui,

102 2374 198 2456 juxta
227 2376 360 2440 arbusta
390 2380 588 2461 pertransire
621 2377 876 2470 contundebant,
914 2373 1033 2457 duplici
1074 2375 1275 2442 incommodo

106 2478 312 2562 laborabant,
346 2483 423 2565 quia
442 2484 601 2569 profunda
622 2482 806 2546 incidebant
825 2488 859 2543 et
881 2482 915 2541 in
938 2479 1143 2545 acutissimas
1164 2483 1277 2565 spinas

105 2585 298 2666 veniebant3
320 2587 427 2649 omnia
447 2589 531 2651 enim
550 2587 694 2671 virgulta
712 2596 832 2672 sponte
852 2586 977 2648 nataiu
998 2587 1072 2650 istis
1087 2589 1185 2648 terris
1202 2594 1279 2649 aunt

106 2690 245 2772 spinosa
265 2691 463 2755 acutissimis
487 2693 608 2776 spinis,
630 2710 764 2777 quarum
784 2689 1051 2772 tenuis··punctio
1074 2687 1195 2774 uulnus
1217 2688 1278 2752 ‹lo-

104 2793 248 2857 larosum
269 2795 402 2878 inlligit,
423 2813 463 2860 ac
485 2797 514 2860 si
535 2799 654 2880 spinra'
668 2797 838 2892 aasentslu
860 2788 982 2881 aculeis
1003 2801 1195 2862 venenatae.
1237 2795 1275 2856 ln

106 2899 244 2961 transitu
266 2899 352 2963 illius
380 2900 507 2984 paludis
528 2902 606 2965 veui
626 2917 688 2987 ago
708 2902 743 2961 in
764 2884 876 2981 spinas
898 2913 970 2958 cum
994 2889 1099 2958 bestia
1120 2915 1210 2979 mea,
1231 2895 1273 2959 de

107 3002 228 3084 quibus
246 3005 336 3066 exire
354 3021 422 3069 non
443 3014 588 3090 poteram
609 3019 683 3068 cum
705 3021 808 3088 cappa
829 3002 965 3084 integra,
973 2999 1038 3063 sed
1059 2999 1169 3065 multis
1191 3001 1281 3064 lbra-

107 3107 252 3170 tninibus
283 3107 443 3172 laceratur
472 3127 545 3174 eum
574 3109 683 3172 labore
712 3115 747 3170 et
770 3107 933 3170 anxietate
962 3101 1172 3188 pertransivi3
1204 3105 1282 3190 quia

106 3211 288 3274 monachus
308 3213 343 3276 in
363 3228 468 3295 cappa
489 3232 554 3277 nou
575 3215 659 3278 bene
679 3221 743 3276 stat
765 3213 798 3275 iu
820 3212 913 3295 spina
935 3221 968 3273 st
985 3202 1095 3296 lappa.

84 3397 86 3400 Ι
157 3356 161 3362 -
203 3309 424 3399 'l'nnsgresso
465 3317 584 3400 palude
623 3316 830 3382 ascendimus
849 3316 909 3381 'ad
948 3315 1037 3380 latus
1065 3316 1127 3379 rivi
1167 3324 1200 3377 ct
1239 3313 1282 3376 ad

109 3417 273 3501 quoddam
303 3420 520 3484 molendinum
542 3424 706 3506 venimus,
727 3421 782 3484 nbi
812 3439 898 3504 aqua
921 3429 1013 3483 rotas
1035 3419 1187 3502 impellit,
1216 3435 1278 3482 uec

109 3531 181 3586 erat
202 3523 267 3586 alia
290 3525 346 3588 via
367 3526 503 3590 ulterius
524 3523 722 3592 ascendendi
728 3573 738 3608 ,
767 3524 830 3588 nisi
848 3541 907 3606 per
928 3525 1033 3605 ipsam
1051 3523 1277 3587 molendinum.

108 3625 164 3690 Ad
186 3627 369 3710 quodcum
401 3631 628 3715 venissemus,
658 3631 766 3694 stabat
799 3627 928 3691 molitor
950 3644 1022 3691 cum
1051 3631 1121 3692 suis
1154 3629 1283 3694 famulis

110 3747 187 3794 eum
208 3731 350 3796 fustibus
371 3745 402 3797 et
422 3735 611 3818 cuspidibus
632 3745 709 3800 anta
731 3736 825 3798 iores·
841 3741 953 3795 contra
969 3749 1040 3813 nos,
1060 3741 1093 3796 et
1112 3735 1283 3799 transitum

108 3835 331 3918 prohibebant.
388 3838 468 3904 Post
505 3839 634 3904 multam
670 3850 778 3905 autern
807 3838 978 3904 verborum
1011 3841 1282 3902 concertationem

112 3939 266 4004 ductores
304 3945 408 4006 nostri
456 3945 491 4007 vi
542 3943 671 4008 domum
728 3942 909 4024 irruperunt
960 3949 993 4004 at
1017 3925 1284 4033 ,pertranseundi

110 4045 206 4108 nobis
234 4045 321 4110 viam
347 4046 505 4114 fecarunt.
546 4047 602 4112 Ex
623 4049 689 4112 alla
719 4055 827 4111 autam
860 4055 952 4130 parta
984 4047 1189 4111 ‘molendinas
1212 4045 1286 4129 (B)

113 4149 218 4212 adhue
247 4151 348 4214 altius
377 4152 585 4218 ascendimus
628 4158 662 4212 at
692 4150 841 4213 verrimus
880 4150 936 4213 ad.
956 4151 1061 4216 locum
1091 4153 1286 4230 umbrosum,

115 4243 293 4320 arboribu's
315 4265 349 4320 et
379 4249 529 4341 virgultis
560 4257 709 4341 plenum,
747 4273 806 4336 per
839 4273 972 4337 quorum
1003 4253 1150 4320 madium
1170 4270 1289 4335 magno

1042 4356 1059 4412 5
