3212 5206
304 435 439 502 Derim
458 441 575 498 octavo
592 432 756 497 duonum
773 439 826 497 est
845 431 939 497 loeus
964 449 1103 498 meum
1120 443 1154 499 et
1169 432 1300 500 divium
1315 453 1399 500 oon-

224 542 412 624 solutionis,
438 539 605 603 l'salmusz
636 537 724 602 Plnlt
749 538 815 602 illis
841 555 960 600 manua
982 538 1024 601 ed
1060 539 1334 623 manducandum,
1365 549 1402 603 ot

224 646 329 712 nmdt
354 645 445 708 xvi.
487 645 530 706 llt
549 643 644 708 bodie
666 661 719 707 ros
741 641 864 706 cadem
888 656 947 726 per
967 644 1134 708 circuitum
1156 647 1274 708 montis
1295 645 1400 729 Syriai
1439 715 1445 721 ,

225 759 278 816 est
299 767 417 814 menna
429 749 661 831 dulcissimum,
676 747 717 811 de
739 765 802 830 quo
819 765 882 830 ego
904 750 1035 812 multum
1054 749 1123 812 ridi
1141 757 1174 811 et
1193 749 1397 818 manducavi.

309 856 444 919 Decimo
485 873 569 918 trono
604 854 765 917 desertum
796 861 848 915 est
875 852 967 916 locus
995 855 1215 936 poenitentiae
1243 863 1275 917 et
1302 855 1401 940 fugae

225 961 357 1027 saeculi.
407 960 464 1024 Sic
499 959 606 1053 sancti
642 967 751 1041 patres
781 959 946 1040 poenitere
976 957 1125 1022 volentes
1153 958 1317 1024 desertum
1344 961 1401 1024 in-

226 1074 403 1142 traverunt,
426 1063 643 1148 mundumque
665 1063 826 1147 fugerunt.

310 1171 478 1236 vicesimo
508 1187 635 1233 eremus
662 1169 718 1232 ille
744 1177 794 1232 eet
825 1166 918 1231 locus
937 1167 1118 1234 devotionis
1145 1178 1179 1233 et
1199 1169 1403 1252 cointemple·
1445 1157 1447 1160 ’

230 1279 337 1342 tionis.
366 1275 463 1340 Unde
483 1275 649 1338 Psalmus=
674 1276 711 1337 ln
733 1282 818 1336 terra
840 1272 979 1356 deserta,
1001 1275 1090 1336 invla
1111 1282 1143 1336 et
1163 1274 1330 1358 inaquosa,
1351 1274 1402 1336 sic

137 1409 141 1416 ·
229 1386 263 1446 iu
292 1389 408 1445 saneto
438 1381 570 1462 apparui
602 1380 660 1442 tibi
682 1387 742 1441 etc.
775 1377 817 1439 Et
839 1379 971 1441 iterum:
994 1377 1081 1460 Dixi,
1114 1381 1186 1461 quis
1216 1365 1304 1442 dabit
1325 1379 1402 1440 mibi

228 1505 350 1554 senuas
370 1488 455 1550 sicut
476 1483 634 1565 columbo,
656 1489 691 1545 et
706 1483 823 1546 volabo
840 1493 872 1546 et
890 1485 1100 1565 requiescam.
1130 1486 1228 1567 llcce,
1249 1484 1402 1567 elongavi

230 1595 360 1677 fugiens
379 1600 410 1652 et
423 1591 526 1652 mensi
548 1590 581 1649 iu
599 1587 783 1669 solitudine,
797 1589 1026 1670 exspectabam
1039 1607 1111 1653 eum
1125 1598 1188 1652 etc
1210 1589 1254 1651 Et
1273 1596 1400 1651 mutum

231 1697 354 1761 dixisse
373 1693 514 1757 sulllciat
531 1691 573 1754 de
593 1691 776 1756 solitudinis
791 1693 1020 1764 notitlcetione.
1052 1697 1089 1758 lu
1110 1695 1319 1778 sequentibus
1340 1711 1403 1755 ex-

232 1797 388 1881 perientis
410 1796 515 1861 edituo
536 1796 600 1859 alio
622 1796 758 1860 docebit.
798 1797 885 1862 Vide
905 1800 1001 1862 etiem
1024 1799 1065 1864 de
1086 1799 1215 1864 deserto
1235 1799 1298 1861 hoc
1318 1796 1404 1860 inira

233 1902 288 1966 iol.
311 1902 381 1967 tes
403 1903 439 1964 B.
464 1910 496 1964 et
517 1911 761 1986 cousequenter.
880 1952 885 1959 .

321 2053 382 2128 De
407 2051 591 2130 Arabibus
615 2052 876 2131 habitatoribus
900 2055 1038 2131 deserti
1063 2053 1172 2130 etde
1199 2075 1323 2163 eorum

391 2175 549 2252 moribus
572 2185 610 2250 et
635 2175 839 2251 insolentiis
864 2185 902 2250 et
926 2175 1082 2250 miseriis
1106 2195 1240 2250 eorum.

315 2315 395 2398 (25
404 2319 450 2400 ο)
472 2317 603 2382 Deserti
631 2318 685 2381 vel
707 2319 888 2382 solitudinis
917 2317 1149 2381 inhabitatores
1169 2325 1245 2379 surtt
1267 2315 1405 2396 Arabes,

233 2421 405 2486 miserrimi
426 2429 458 2484 et
488 2422 642 2484 bestiales
663 2423 824 2507 homiues,
848 2440 930 2507 quos
958 2422 1101 2486 nonnulli
1129 2421 1309 2484 lemaelitas
1331 2439 1406 2484 esse

234 2521 361 2606 dicunt,
389 2533 422 2587 et
442 2524 634 2610 Agareuos,
662 2528 716 2611 qui
744 2546 782 2590 se
810 2529 1008 2591 Sarracenos
1037 2527 1210 2590 nominent.
1254 2525 1321 2587 Alii
1349 2541 1407 2587 eos

234 2628 401 2695 nominant
440 2647 461 2692 e
500 2633 646 2715 proxima
684 2633 879 2715 provincia,
921 2632 1067 2694 diceutes
1105 2647 1163 2693 eos
1200 2629 1406 2694 Medianitas.

233 2731 301 2798 Alii
334 2753 391 2798 eos
422 2735 586 2802 Beduiuos
621 2737 792 2821 appellant.
837 2737 903 2801 Alii
935 2754 992 2799 eos
1027 2735 1167 2818 Zigeros
1196 2755 1215 2797 e
1242 2734 1408 2824 Chaldaeo

235 2855 381 2902 emersos
417 2851 555 2924 vocent,
597 2861 682 2925 quae
714 2860 735 2905 a
767 2843 986 2926 septentrione
1024 2843 1137 2905 haeret
1169 2841 1312 2905 Arabiae
1347 2841 1408 2905 de-

234 2953 341 3008 sertae
380 2964 527 3028 magnee.
584 2947 650 3009 Alii
678 2965 737 3010 eos
770 2964 812 3010 ex
848 2946 1001 3030 Aegypto
1037 2945 1129 3010 fusos
1159 2945 1341 3029 affirment,
1371 2953 1408 3009 ut

234 3047 397 3112 Diodorus
429 3051 517 3114 Libr.
546 3052 587 3113 ll.
622 3061 769 3114 veterum
798 3051 1010 3116 historiarum.
1065 3050 1154 3114 Dicit
1183 3052 1285 3134 enim,
1323 3049 1409 3136 quod

234 3151 440 3235 Aeneades,
492 3155 547 3237 qui
580 3155 725 3238 Aegypti
767 3174 825 3218 rex
865 3149 992 3220 summa
1042 3157 1203 3238 aequitate
1245 3157 1409 3241 imperans

235 3255 404 3321 latrocinia
423 3276 509 3321 novo
530 3278 618 3323 more
639 3261 851 3343 compescuit,
868 3267 983 3323 sontes
1004 3279 1109 3343 ueque
1132 3269 1233 3323 morte
1253 3261 1409 3346 plectens,

236 3378 341 3442 neque
362 3360 511 3442 linquens
532 3365 727 3446 impunitos,
746 3362 833 3424 unde
861 3382 974 3427 omues
1003 3383 1077 3428 reos
1105 3366 1137 3429 in
1166 3385 1264 3429 uuum
1287 3383 1409 3448 cogens

235 3463 303 3526 miti
332 3467 496 3527 sententie
529 3465 712 3550 damnavit,
734 3470 906 3549 amputatis
939 3471 1022 3532 enim
1053 3472 1184 3533 naribus
1215 3472 1248 3533 iu
1281 3470 1410 3534 deserta

239 3567 311 3631 loca
333 3568 380 3631 ire
401 3571 571 3653 compulit,
593 3590 635 3632 ue
662 3575 733 3636 suis
762 3574 904 3636 moribus
933 3577 1062 3637 vicinas
1089 3586 1205 3657 gentes
1232 3575 1410 3660 inficerent,

236 3690 323 3736 uere
345 3693 549 3759 eorum-ergo
571 3676 714 3761 reliquos
729 3679 866 3761 iujuriae
887 3689 999 3742 esseut
1020 3681 1178 3762 occultae,
1192 3680 1250 3743 sed
1270 3690 1304 3744 ut
1326 3691 1412 3744 tam-

236 3793 330 3858 quam
354 3778 387 3839 iu
410 3797 496 3842 orem
518 3780 637 3844 deserti
660 3781 797 3866 relegati
818 3785 905 3847 omui
927 3804 962 3847 re
983 3793 1119 3867 egentes
1141 3796 1412 3868 eogeuteneces-

234 3881 331 3943 silete
367 3883 430 3946 sibi
459 3887 578 3949 victum
622 3889 838 3968 exquirerent.
895 3888 1115 3953 communiter
1148 3899 1259 3953 tamen
1291 3909 1312 3954 e
1345 3899 1412 3954 tota

237 3987 371 4069 regione
399 3987 551 4054 dicuntur
570 3992 707 4055 Arabas.
752 3993 797 4056 Hi
825 3997 957 4058 incertis
978 3992 1111 4056 sedibus
1133 3995 1196 4058 huo
1218 4005 1315 4080 atque
1335 3996 1413 4060 illue

233 4109 363 4174 semper
390 4105 552 4178 vagantur
586 4116 644 4180 per
665 4095 829 4162 desertum
849 4099 927 4182 boc,
943 4099 1065 4162 ¹armttti
1089 4097 1205 4180 clipeis
1237 4111 1270 4164 et
1298 4103 1412 4183 hastis,

234 4213 300 4262 neu
320 4195 449 4281 quidem
472 4209 508 4263 ut
529 4210 695 4284 pugnent,
726 4203 802 4284 quie
823 4201 985 4268 seminudi
1006 4211 1100 4285 surrt,
1123 4204 1182 4266 sed
1204 4213 1239 4267 nt
1262 4206 1411 4287 spolient.

235 4299 328 4381 Quae
355 4306 501 4389 suspicio
530 4306 741 4390 frequentiam
768 4310 803 4370 in
830 4307 896 4372 illis
924 4308 1006 4372 loeis
1034 4309 1195 4373 viatorum
1225 4319 1413 4394 congregate
