3212 5206
778 311 885 384 ,m

266 496 354 579 iguis
372 493 414 557 ‹le
439 493 510 578 ipso
529 495 639 558 ‘bumo
661 495 866 576 evaporabat.
906 495 1010 557 Porro
1031 493 1129 558 linem
1151 493 1239 557 illios
1261 493 1440 560 latitudiuis

264 609 534 684 nonpoteramns
554 598 681 681 videre5
699 615 762 660 nee
781 597 943 662 montibus
964 597 1071 661 elandi
1092 616 1155 662 neo
1176 596 1323 668 collibus.
1354 597 1438 662 Cum
1544 583 1548 592 ’

138 752 141 760 .
264 715 372 768 autem
415 707 605 768 miraremur
640 703 682 766 tle
723 701 853 765 horrida
883 699 1050 764 latitudine
1088 711 1121 766 et
1165 705 1439 786 interrogaremus

266 807 419 872 calinum
432 807 645 872 Sarrseenum
668 807 708 870 tle
729 807 797 870 flue
816 807 932 889 campi,
955 807 1019 884 (b)
1042 805 1122 870 (lixit
1144 807 1248 890 nobis,
1267 807 1353 891 quod
1372 827 1439 872 nou

263 924 318 1010 est
339 914 433 976 visus
462 913 558 977 borno
578 915 613 976 in
643 923 747 987 terre,
779 911 834 992 qui
863 908 905 972 ed
934 910 1029 972 flnem
1063 911 1119 972 vel
1149 913 1319 974 terminum
1350 911 1439 975 illius

265 1018 370 1099 eompi
389 1021 514 1092 venerit
536 1037 596 1102 per
621 1017 709 1080 viem
729 1013 827 1079 illem.
872 1013 1176 1098 Sien1m‚inquit,
1199 1015 1316 1098 aliquis
1341 1016 1439 1079 velu-

267 1123 348 1186 eiter
368 1130 482 1203 egeret
502 1137 611 1203 eursu,
630 1123 685 1206 ita,
707 1118 793 1204 quod
809 1117 947 1201 siugulis
970 1117 1084 1181 diebus
1105 1119 1216 1182 decem
1234 1120 1438 1186 alemannius
1534 1175 1541 1190 .

266 1227 420 1290 milliaria
441 1227 580 1310 laceret,
602 1225 727 1289 duobus
749 1225 914 1287 mensibus
936 1241 997 1286 nee
1017 1224 1058 1287 ad
1083 1223 1187 1306 aquas
1211 1241 1274 1286 nee
1307 1223 1348 1286 ad
1374 1225 1437 1288 lro-

265 1321 371 1395 minos
413 1333 549 1394 veniret.
604 1331 646 1394 Et
674 1347 747 1393 enm
786 1329 849 1391 hoo
889 1337 999 1391 tentus
1041 1327 1137 1391 ortior
1169 1328 1276 1391 adurit
1304 1347 1437 1411 eampos

264 1435 360 1514 illos,
381 1435 467 1519 quod
490 1436 589 1499 etiem
611 1435 706 1497 homo
743 1433 851 1496 habita
872 1451 956 1516 equa
991 1451 1057 1496 uon
1079 1443 1191 1515 posset
1213 1433 1312 1495 vivus
1332 1451 1439 1515 pene-

266 1545 354 1602 tra're
379 1557 488 1621 usque
511 1538 552 1603 ad
582 1539 679 1600 linem
713 1535 793 1617 ejus.
847 1538 1019 1600 Terminus
1047 1539 1132 1600 enim
1163 1535 1288 1600 illorum
1314 1537 1437 1602 dieitur

267 1659 343 1705 esse
361 1639 461 1724 juxta
481 1648 607 1704 montes
640 1638 782 1722 paradisi
812 1642 976 1705 terrestris
997 1650 1029 1704 et
1058 1639 1131 1703 ideo
1160 1641 1306 1725 fulgores
1335 1641 1437 1725 gratu

265 1747 421 1829 flammei,
443 1762 539 1830 quem
560 1745 718 1808 Dominus
739 1754 815 1808 ante
835 1747 1018 1828 ingressum
1046 1744 1188 1827 paradisi
1220 1750 1353 1827 statuit,
1376 1747 1436 1810 hos

265 1853 399 1934 eampos
422 1851 563 1915 adurunt
584 1860 616 1913 et
635 1867 805 1913 secessum
828 1851 1008 1932 probibent.
1053 1849 1142 1913 stne
1171 1850 1295 1932 opinari
1325 1853 1432 1936 [quis]

264 1965 392 2039 posset,
425 1957 487 2020 bos
520 1973 652 2039 eampos
691 1971 767 2017 esse
797 1971 930 2037 eampos
964 1953 1078 2036 ultori,
1120 1955 1175 2037 qni
1207 1963 1284 2018 snut
1329 1958 1436 2038 ermpi

264 2060 396 2122 maximi
428 2070 460 2122 et
487 2061 636 2130 latissimi
664 2069 757 2122 extra
786 2060 950 2122 homiuum
982 2059 1228 2141 habitationem,
1264 2061 1435 2143 inquibus

263 2181 359 2226 nemo
381 2167 498 2228 vivens
520 2175 669 2229 moratur.
692 2163 744 2226 Au
767 2164 828 2226 bos
849 2179 1000 2245 campos,
1022 2163 1135 2226 dieunt
1159 2168 1284 2246 poetae,
1303 2175 1435 2228 rovoeut

168 2307 171 2314 -
263 2269 446 2332 Mercurius
467 2271 592 2333 animas
612 2271 771 2333 humanas
793 2267 834 2330 ab
855 2267 990 2328 inferno.
1014 2267 1170 2331 Arbitreti
1187 2287 1326 2352 namquo
1346 2278 1432 2351 sunt,
1533 2303 1540 2312 =

264 2389 377 2436 omues
404 2373 568 2438 bominum
599 2376 725 2438 animas
752 2391 773 2435 a
801 2373 959 2455 prineipio
994 2381 1122 2437 orontes
1149 2373 1245 2436 simul
1276 2374 1381 2436 inisse
1402 2381 1435 2436 et

263 2475 381 2538 delude
401 2482 572 2563 eonoeptis
600 2479 782 2542 bominibus
814 2478 996 2559 immissas3
1039 2479 1250 2541 morientibus
1278 2479 1371 2540 nobis
1393 2475 1435 2540 ad

266 2581 390 2643 interos
420 2580 621 2646 descendere
659 2565 767 2666 ibique
800 2582 952 2661 erueiari,
991 2581 1095 2645 tloueo
1115 2582 1292 2646 commissa
1310 2583 1346 2643 iu
1366 2582 1435 2642 vita

264 2695 478 2768 purgarentur
499 2696 532 2750 et
554 2687 631 2750 inde
663 2695 837 2752 revocante
869 2703 931 2748 eas
949 2686 1110 2750 Mercurio
1132 2687 1303 2749 transitum
1325 2686 1434 2748 seuera

264 2788 306 2852 ad
337 2789 471 2874 myrtoo
503 2810 652 2875 campos,
687 2809 726 2855 ee
754 2789 830 2854 inde
861 2799 937 2873 post
971 2789 1058 2853 millo
1089 2809 1193 2854 ennea
1225 2809 1244 2853 e
1273 2791 1434 2853 Mereurio

264 2891 381 2958 deduoi
400 2895 440 2958 etl
463 2897 590 2960 Iretlren
617 2898 772 2976 fluvium,
798 2903 834 2957 ut
855 2913 894 2957 eo
915 2902 1026 2976 potato
1048 2894 1317 2959 obliviseerentur
1337 2912 1434 2978 prae-

263 3002 368 3062 seritis
389 3001 478 3064 vitae
499 3003 627 3065 labores
655 3010 687 3063 et
709 3002 758 3063 sie
779 2998 999 3064 desiderarent
1021 3000 1134 3063 iterum
1169 3001 1275 3064 redire
1297 3001 1338 3064 ad
1360 3018 1435 3064 eor-

264 3121 363 3185 pora,
383 3103 426 3166 ¹ud
449 3123 533 3187 quse
552 3105 736 3168 blerenrius
759 3105 948 3168 remittebat.

346 3206 417 3268 Hos
449 3224 581 3292 campos
612 3209 742 3293 quidam
776 3207 971 3290 profundius
1005 3207 1181 3271 lustrantes
1213 3209 1362 3272 dixerunt
1394 3225 1434 3270 se

260 3309 429 3372 invenisse
460 3314 665 3396 sepulchrum
697 3313 752 3375 vel
785 3313 926 3375 tumbam
958 3311 1115 3395 lapideam
1151 3315 1253 3377 unius
1290 3313 1433 3396 gigantis

262 3412 363 3475 mirae
398 3417 646 3499 maffiritudinis,
682 3419 715 3480 in
750 3434 814 3499 quo
854 3415 1001 3480 nonnulli
1039 3419 1211 3482 aestimant
1242 3417 1433 3482 tumulatum

261 3515 366 3580 inisse
380 3517 441 3602 Og,
464 3537 574 3603 regom
596 3521 714 3604 Busan,
737 3519 778 3583 de
798 3538 861 3603 quo
885 3521 1019 3584 habetur
1036 3521 1165 3586 neuter.
1188 3521 1340 3606 upqnou
1357 3521 1432 3603 ejus

260 3619 367 3685 leetus
385 3624 440 3686 vel
463 3642 560 3707 euna,
580 3625 613 3688 iu
636 3644 702 3708 quo
723 3644 802 3710 puer
819 3625 960 3708 jaeebat,
984 3635 1053 3689 erat
1076 3627 1201 3692 ferreus
1215 3635 1249 3689 et
1270 3635 1434 3689 monstru-

263 3726 357 3790 batur
383 3729 418 3790 in
452 3727 583 3793 Babath
616 3739 649 3794 et
681 3731 821 3794 habebat
852 3730 980 3794 eubitos
1012 3749 1128 3794 novem
1158 3730 1371 3815 longitudinis
1399 3737 1433 3791 et

261 3840 401 3913 quatuor
421 3831 609 3898 latitudinis.
654 3837 690 3898 ln
714 3842 838 3898 tantum
860 3844 967 3898 autem
988 3837 1092 3898 virum
1115 3839 1221 3899 erevit
1243 3837 1339 3919 giges
1364 3833 1431 3917 illo,

260 3935 349 4020 quod
371 3936 415 4000 ed
434 3939 631 4022 sepulturum
653 3939 726 4021 ejus
747 3940 969 4023 requirebatur
990 3954 1128 4022 maguus
1148 3957 1284 4023 eampns
1304 3949 1337 4002 at
1358 3939 1431 4019 boo,

259 4041 291 4103 ai
311 4049 500 4125 aeeeptetur
522 4045 683 4127 expositio
705 4044 858 4108 bebrsiea
877 4063 977 4128 super
996 4044 1101 4107 loeum
1122 4047 1325 4128 praelatum,
1347 4061 1432 4127 quse

257 4145 342 4212 tuiru
363 4146 488 4210 sednon
509 4145 551 4210 tle
581 4148 805 4232 magnitudine
836 4149 923 4212 illius
943 4150 1023 4232 viri,
1052 4159 1086 4212 ut
1111 4150 1247 4216 habetur
1278 4150 1432 4214 videlieet

259 4247 391 4316 Denter.
414 4253 470 4315 lli.
513 4251 566 4315 lux
586 4251 637 4315 his
659 4260 770 4338 patet,
787 4252 874 4340 quod
896 4253 938 4315 (le
953 4254 1021 4317 lroe
1041 4271 1156 4338 eampo
1178 4256 1270 4320 aliter
1291 4255 1432 4340 loquun-

261 4363 314 4420 tur
335 4353 512 4422 christion
544 4355 673 4442 ildeles,
720 4359 813 4426 aliter
854 4358 989 4440 Judaei,
1017 4360 1127 4483 ‘aliter
1162 4369 1294 4444 poetae,
1337 4359 1433 4424 aliter
