3202 5218
296 489 328 544 et
360 477 534 542 mirabilem
564 475 696 560 latigam
724 492 798 540 cum
828 471 1000 560 peregrino
1019 473 1075 539 illo
1102 475 1287 540 babuimus.
1331 471 1467 536 'landem

295 583 367 647 lieo
402 582 580 646 auxiliante
618 576 696 661 (47
716 581 764 662 a)
801 580 835 642 in
875 579 1030 642 verticem
1072 578 1190 642 montis
1225 575 1339 660 Synai
1380 576 1469 638 veui-

296 705 378 769 mnr,
400 685 440 750 ad
466 685 647 768 angelicum
688 683 894 766 sepulchrum
908 681 1117 744 beatissimae
1126 681 1270 763 virginis
1292 679 1330 742 S.
1353 677 1470 742 Catina·

295 791 392 854 rinae.
436 786 636 852 Procidimns
666 805 745 871 ergo
776 797 810 850 ot
840 804 913 849 cum
947 769 1120 849 devotione
1153 782 1262 850 locum
1291 785 1381 847 sacri
1401 800 1470 846 cor*

294 894 382 978 poris
407 911 466 977 per
491 891 627 974 angelos
649 891 809 975 apportati
830 889 1009 952 deosculati
1030 905 1145 952 surmus
1173 898 1208 951 et
1241 886 1465 971 indulgentias

295 999 482 1081 accepimns
513 997 594 1080 (ἡ),
617 995 830 1060 decantantes
852 989 960 1079 prius,
981 1011 1066 1077 quac
1084 995 1216 1076 signata
1239 993 1417 1060 habuimus
1436 990 1471 1052 in.

296 1100 529 1185 processionali
549 1110 656 1164 terrae
676 1109 819 1162 sanctae.
863 1099 962 1162 Porro
994 1107 1070 1181 post
1101 1097 1287 1161 orationem
1318 1092 1470 1160 coaudi-

211 1270 229 1301 .
297 1219 388 1288 mus,
410 1214 443 1268 et
460 1203 813 1288 inceperuntllagrare
841 1201 1003 1266 desiderio
1022 1202 1117 1284 panis
1138 1207 1171 1263 et
1193 1217 1306 1284 aquae
1326 1208 1361 1261 et
1381 1197 1473 1280 quili-

204 1327 206 1332 ’
272 1332 278 1356 1
299 1310 356 1372 bet
388 1309 521 1394 optabat
552 1327 590 1371 se
620 1308 740 1371 babere
772 1325 883 1370 secum
912 1315 1053 1393 ¹sportam
1086 1323 1178 1368 snam
1207 1313 1244 1368 et
1273 1303 1470 1386 amphoram.

295 1413 419 1477 Nescio
447 1421 572 1492 autem,
605 1430 670 1495 qna
701 1413 903 1494 providentia
923 1395 1064 1492 accidit,
1085 1418 1120 1472 nt
1141 1427 1204 1492 ego
1227 1407 1327 1472 solus
1351 1421 1471 1468 mecum

294 1517 447 1582 haberem
476 1523 637 1600 sporum
652 1532 725 1578 cum
756 1515 956 1598 paximatiis,
984 1516 1056 1576 oris
1075 1513 1175 1595 duris,
1197 1511 1367 1599 carnibus·
1380 1505 1473 1572 lumi·

295 1621 393 1704 gatis,
409 1629 442 1682 et
462 1636 570 1701 maen,
592 1636 680 1702 qnae
700 1638 758 1700 pro
775 1622 908 1703 meipso
930 1617 1076 1700 taaleram,
1098 1616 1153 1679 alii
1170 1619 1282 1680 omnia
1304 1630 1370 1678 sua
1390 1609 1473 1674 inle-

245 1737 251 1748 “
296 1723 363 1786 rius
391 1723 668 1806 comperegrinis
691 1717 930 1787 remanentibus
951 1721 1149 1802 dimiserant,
1170 1729 1206 1782 et
1226 1719 1403 1800 uidentes,
1423 1732 1471 1780 mc

295 1813 374 1893 essa
402 1816 589 1910 provisum,
625 1819 930 1910 congratulabimur
967 1821 1095 1908 qnidem'
1128 1823 1205 1888 m'ihl
1234 1833 1268 1889 et
1284 1820 1470 1907 'providnlal

297 1951 350 1996 me
378 1931 616 2015 praedicebant,
638 1932 802 2014 sibiipsis
822 1950 902 1996 vero
923 1929 1173 2014 indignabantur
1194 1927 1236 1992 de
1258 1925 1470 2012 negligentia,

297 2045 330 2099 ot
355 2035 570 2120 petebantme
590 2055 684 2120 nnus,
705 2045 740 2099 nt
762 2036 870 2116 darem
883 2035 945 2118 sibi
966 2033 1142 2117 pauxillum
1164 2033 1380 2122 panis,·alter
1401 2047 1469 2092 mo-

298 2141 404 2204 dicum
433 2143 557 2224 carnis,
591 2141 677 2205 allus
706 2159 816 2223 parum
851 2141 940 2203 casei
961 2147 994 2201 et
1018 2139 1126 2222 panis,
1154 2137 1211 2200 alli
1230 2138 1387 2202 haustum
1406 2130 1469 2196 vini

298 2240 495 2330 quaerebant
517 2265 537 2308 o
560 2263 621 2308 me.
667 2245 741 2308 lloc
761 2251 798 2336 ut
819 2243 906 2326 vidi,
923 2243 1121 2326 jucundatus
1140 2242 1187 2304 lut
1208 2251 1241 2305 et
1270 2240 1353 2305 nulli
1375 2234 1467 2322 qnid·

299 2368 395 2435 qnam
429 2347 519 2430 dedi,
551 2348 611 2412 sed
640 2359 783 2430 sportam
804 2349 924 2430 arripui
945 2355 980 2412 el
1001 2349 1117 2430 omnia,
1139 2366 1227 2433 quae
1247 2345 1282 2410 in
1307 2363 1350 2408 ea
1368 2347 1467 2412 erant»

297 2455 332 2516 in
354 2453 593 2516 concavitatem
617 2462 746 2536 petrae,
780 2471 864 2537 quse
889 2453 985 2534 juxta
1015 2471 1077 2517 nos
1098 2462 1165 2516 erat
1177 2498 1187 2535 ,
1208 2449 1314 2515 effudi
1335 2451 1370 2512 lu
1390 2445 1467 2524 loco,

298 2557 353 2621 ubi
374 2565 472 2639 capnt
497 2555 531 2618 S.
566 2555 766 2621 Catharinss
795 2557 936 2640 positum
961 2557 1082 2641 inerat,
1116 2556 1225 2620 attali
1247 2547 1467 2619 'tacebamus

176 2661 180 2668 '
299 2660 425 2726 nobiles
458 2671 491 2724 et
526 2663 714 2744 peregrinos
757 2661 893 2724 invitavi
921 2661 1073 2725 dicens:
1117 2679 1212 2740 ecco,
1241 2659 1366 2724 domim
1397 2654 1465 2732 mei,

302 2766 440 2851 provida
460 2766 703 2849 dispensatione
723 2767 842 2830 iactum
872 2775 939 2849 est,
970 2766 1055 2849 quod
1085 2766 1139 2829 hic
1166 2781 1278 2828 omnes
1313 2781 1377 2828 vos
1397 2757 1465 2822 sitis

299 2869 450 2955 hospites
472 2873 535 2934 mei
558 2878 675 2953 elego
701 2871 835 2935 habeam
858 2869 1134 2954 soluaexpensas,
1155 2869 1241 2953 qnod
1256 2853 1489 2932 nbmttmime'

302 2974 430 3058 faciam,
462 2976 585 3040 utinam
608 2977 695 3041 lanta
715 2978 811 3041 vobis
831 2993 1005 3060 procurare
1029 2993 1170 3058 possem.
1211 2971 1298 3036 Nam
1323 2988 1403 3036 ecca
1435 2966 1465 3028 in

300 3079 363 3144 hac
384 3080 489 3163 domo,
513 3085 546 3142 in
567 3082 801 3164 iciacensis,
822 3082 855 3144 in
877 3082 940 3146 boc
960 3079 1079 3144 lectulo
1106 3077 1264 3143 habitavit
1284 3085 1323 3142 et
1345 3068 1463 3159 quievit

244 3213 248 3226 ‚
301 3180 490 3244 dulcissima
510 3203 631 3266 sponsa
653 3203 725 3247 moa
754 3186 789 3247 S.
818 3184 994 3248 catharina
1026 3183 1110 3264 ultra
1133 3184 1306 3254 'trecentos
1329 3189 1464 3246 annosa

299 3299 361 3346 sna
381 3288 545 3370 passione,
567 3307 651 3371 quae
674 3289 751 3352 milri
779 3290 813 3352 iu
838 3290 1010 3370 juventute
1033 3286 1231 3369 desponsata
1250 3287 1338 3350 iuter
1358 3291 1463 3372 emm

300 3388 451 3452 coelestis
471 3391 562 3472 regni
582 3393 836 3472 pretiosissimas
848 3390 1123 3474 virginesdeillca
1132 3400 1222 3455 sorte
1245 3409 1265 3453 a
1286 3372 1341 3454 nae
1361 3387 1462 3450 electa

299 3500 362 3575 est,
395 3491 536 3576 deniqne
551 3495 586 3558 in
607 3493 753 3577 ejusdcm
775 3496 913 3579 virginis
934 3497 1021 3560 lesio
1051 3513 1137 3559 anno
1161 3495 1244 3560 tina
1265 3493 1338 3576 ejus
1359 3501 1462 3556 amoro

302 3597 435 3662 saeculo
456 3600 638 3664 renuntiavi
672 3609 705 3663 et
725 3601 874 3679 habitum
895 3601 1025 3664 fratrum
1052 3594 1312 3664 Praedicatumm
1334 3591 1461 3675 accepi,

300 3709 335 3765 et
366 3719 450 3767 anno
485 3704 631 3769 revoluto
662 3703 775 3770 codam
803 3705 856 3769 die
889 3705 1102 3770 obedientiam
1130 3703 1259 3786 pnbllca
1287 3711 1321 3766 et
1341 3691 1462 3766 solenni

300 3805 503 3888 prolessione
528 3809 694 3893 promissi,
726 3812 839 3895 sicque
865 3819 1020 3894 perpetua
1047 3809 1246 3892 obligatione
1277 3825 1329 3870 me
1349 3808 1384 3872 in
1404 3796 1460 3864 1³⁰5

300 3912 467 3976 servilium
490 3921 523 3974 et
544 3913 698 3996 inhujus
723 3916 862 3998 virginis
893 3916 1082 3998 obsequium
1110 3913 1305 3997 mancipavi.
1347 3905 1462 3981 vente
1508 3955 1510 3960 .

300 4032 379 4099 ergo
400 4033 523 4099 emines,
545 4025 701 4102 quotquot
720 4019 813 4099 estis,
828 4023 866 4082 'et
878 4036 951 4082 cnm
966 4018 1087 4082 laetitia
1110 4018 1203 4082 edalo.
1244 4007 1460 4080 Ammiani

300 4119 340 4182 ad
362 4120 448 4184 hanc
473 4120 697 4184 invitationem
719 4139 851 4203 omnes,
873 4130 906 4184 et
929 4140 1002 4187 cum
1024 4123 1127 4188 mulla
1147 4122 1268 4187 laetitia
1289 4116 1461 4184 manduca·

299 4223 406 4288 fimus
428 4242 487 4306 aa,
522 4241 607 4307 quae
629 4225 714 4308 apud
737 4244 798 4289 nos
819 4235 920 4288 erant.
964 4228 1002 4290 lu
1022 4228 1085 4293 linc
1105 4227 1256 4292 convivio
1289 4231 1380 4288 amnt
1404 4233 1460 4282 cu-

213 4397 217 4406 ,
298 4328 412 4414 mites,
443 4327 584 4414 milites,
621 4329 827 4413 sacerdotes,
840 4329 1020 4416 -eettgioat,
1045 4333 1199 4416 insuper·
1212 4329 1268 4394 alii
1282 4334 1395 4392 vararat·
1417 4315 1458 4382 lbi
