3132 5206
956 99 1008 190 Ο

260 351 515 442 supersumus,
536 359 571 416 ot
595 352 637 416 ab
658 351 722 418 ana
743 361 949 439 μήσωμαι
966 361 1063 440 eaput
1082 351 1138 418 vei
1158 349 1276 420 sollum
1296 353 1435 420 atterius

260 459 425 548 peregrini
444 457 673 541 deseeuderet,
694 468 731 522 et
750 468 865 524 omues
887 477 1012 528 murus
1034 461 1235 544 transgressi
1255 475 1381 542 snmus,
1401 467 1437 524 et

261 569 295 631 in
313 585 409 630 unem
430 566 601 630 obscurem
623 563 784 646 papatiam
796 565 974 647 uenimus,
995 564 1030 628 in
1050 581 1116 647 qua
1135 561 1215 628 nihil
1236 563 1351 630 videre
1371 581 1435 650 pe-

261 670 398 758 nimns,
419 670 483 732 utet
504 686 579 734 enm
601 668 785 734 luminibus.
818 672 857 734 lu
878 671 988 754 eapite
1007 664 1153 752 meiius
1175 675 1227 732 est
1247 685 1332 734 nune
1354 685 1437 751 spe-

261 793 321 841 ms
348 778 409 840 aab
441 792 537 858 rupe,
569 773 603 838 in
634 793 713 859 qua·
732 772 875 842 ereditur
906 775 1135 838 munsterus
1152 771 1303 854 Baptista
1334 783 1433 838 natus

260 882 374 946 inisse
417 877 474 943 Ad
492 879 578 944 hene
596 897 678 963 erga
696 888 833 963 spsenrn
853 877 1081 946 inoiinsvirnus
1102 894 1175 959 nos,
1196 885 1230 942 ot
1245 875 1436 946 munao

261 985 333 1052 loon
354 983 574 1068 indulgentia
586 981 670 1067 (st)
690 985 856 1068 plenariae
877 982 1079 1048 remissionis
1099 982 1296 1065 eeoepiuus,
1314 991 1348 1048 et
1368 1000 1435 1048 non

167 1085 172 1096 ’
261 1090 421 1156 modinum
444 1089 604 1156 eonsoisu'
626 1099 658 1153 st
680 1092 818 1154 resistit
846 1095 881 1152 et
910 1084 1146 1172 quodammodo
1171 1087 1206 1152 in
1226 1085 1292 1152 iide
1311 1103 1435 1152 muo-

260 1195 351 1260 lidati
378 1195 507 1258 inimus.
549 1196 603 1259 Ex
630 1194 688 1260 itta
708 1196 795 1260 eninr
825 1192 971 1262 desolate
995 1207 1099 1275 speon
1126 1193 1167 1258 ob
1198 1195 1314 1256 merite
1333 1208 1433 1274 prae-

145 1301 166 1331 *
260 1301 404 1365 persons
423 1298 539 1364 suavis
561 1308 594 1362 st
616 1301 723 1364 benus
744 1299 825 1366 odor
845 1299 964 1382 spiret,
997 1314 1061 1379 quo
1082 1303 1218 1362 sanetus
1239 1313 1433 1379 praecursor

260 1414 378 1468 terram
410 1403 594 1470 eseutatona
633 1421 715 1468 suae
751 1402 934 1467 nativitatis
969 1400 1172 1468 reosoulatur
1202 1407 1245 1464 et·
1274 1400 1432 1466 resaintst

119 1543 125 1552 ,
260 1507 513 1592 quadammodo,
535 1515 569 1574 st
589 1509 654 1574 nisi
674 1509 737 1574 hoe
759 1507 901 1572 remedio
928 1505 1020 1571 Deus
1052 1520 1114 1570 nes
1135 1501 1323 1570 eonsolatua
1347 1505 1433 1568 tirin-

260 1621 328 1693 sst,
358 1629 431 1676 oum
460 1631 525 1677 non
552 1613 682 1678 modies
702 1614 835 1679 tristitie
867 1615 902 1676 tu
924 1612 980 1677 illo
1000 1611 1073 1677 loon
1095 1610 1271 1676 missenus
1301 1617 1434 1692 prepter

95 1685 106 1706 ’
165 1782 179 1805 ,
260 1717 369 1780 saneti
390 1715 455 1780 loei
477 1733 629 1799 inagnum
651 1718 852 1802 despectum.
895 1717 1049 1782 Eoslesia
1069 1716 1173 1798 enim,
1193 1715 1272 1780 linet
1291 1713 1358 1778 atta
1377 1715 1434 1797 sit,

143 1903 149 1914 Ι
260 1827 294 1884 et
315 1817 533 1905 testudinata,
554 1831 588 1886 et
618 1821 727 1888 adhue
746 1822 892 1907 depicta,
918 1829 1030 1888 tamen
1059 1821 1168 1886 stultat
1187 1819 1286 1902 plens
1306 1819 1433 1902 hostib,

259 1923 364 1988 asinis
386 1931 422 1989 et
442 1927 595 2010 sanetis,
626 1933 661 1990 et
689 1942 754 1992 nen
777 1936 849 1990 erat
868 1928 913 1990 ibi
934 1929 1001 1992 nisi
1033 1925 1130 1990 timus
1151 1933 1186 1988 st
1216 1932 1362 2007 stereus,
1380 1931 1431 1987 'et

260 2047 398 2112 magnus
420 2029 538 2113 foetor,
562 2034 623 2116 ita,
654 2031 742 2114 quud
766 2052 808 2096 ex
830 2031 970 2097 eoelesr'a
1004 2037 1121 2095 saneta
1144 2029 1265 2094 fastum
1286 2036 1433 2092 est'sta-

260 2135 370 2200 bulum
392 2136 576 2201 bestiarius
605 2138 670 2204 Per
690 2138 860 2206 eimuiturn
882 2136 1044 2200 eeeiosiae
1065 2140 1160 2199 emt
1178 2134 1291 2198 ruinae
1311 2132 1434 2198 multas
1490 2198 1493 2202 .

259 2238 443 2323 domem,
464 2241 498 2306 in
520 2243 637 2325 qttibus
657 2242 735 2307 olim
758 2241 869 2308 eteris
888 2248 924 2304 st
943 2240 1009 2304 Dei
1029 2239 1118 2302 servi
1139 2237 1344 2321 redinant,
1361 2236 1431 2320 jam

259 2362 340 2410 voro
363 2352 502 2410 est'una
523 2349 645 2410 misera
665 2345 829 2411 mtiusiis
852 2344 1009 2412 habitetio
1027 2343 1061 2408 in
1083 2342 1164 2408 ineo.

524 2591 721 2672 Desertum
747 2588 929 2672 Johannis
954 2588 1157 2694 Baptistae.

343 2774 437 2838 Uitre
456 2775 576 2840 vallem
598 2775 716 2841 dieitur·
738 2792 815 2840 osse
835 2775 998 2840 desertum
1019 2773 1228 2842 §.Johanuts
1247 2768 1428 2852 Baptistae,

258 2880 293 2942 in
326 2898 388 2964 que
411 2880 571 2947 habitavit
593 2881 699 2945 adhue
732 2898 813 2962 puer
844 2882 1009 2963 existens,
1042 2886 1078 2942 ut
1109 2878 1228 2944 dieitur
1248 2875 1360 2940 husae
1381 2875 1429 2937 1.=

245 2983 345 3045 'Puer
367 2992 474 3046 entem
496 2987 667 3048 erescebat
687 2990 723 3048 et
743 2984 983 3047 confortabatur
1003 2983 1134 3066 spiritu,
1166 2989 1200 3044 et
1222 2987 1290 3043 eret
1312 2981 1345 3042 in
1367 2977 1430 3041 de-

258 3086 357 3152 sertis
377 3105 483 3170 usque
505 3087 546 3152 ed
568 3083 652 3154 diem
676 3087 877 3154 ostensionis
898 3103 981 3153 suso
1002 3086 1047 3150 ed
1067 3085 1177 3152 lsrael.
1222 3081 1321 3149 Unde
1342 3081 1430 3146 Hie-

259 3208 416 3272 ronymus
438 3189 563 3254 Sem:
597 3188 656 3253 llle
677 3207 773 3254 vero:
806 3189 895 3253 Eece
916 3207 979 3272 ego
1008 3193 1102 3254 mitto
1131 3189 1282 3272 angelum
1310 3206 1427 3250 meum.

257 3291 362 3361 Piens
391 3294 560 3378 angeium,
598 3293 653 3377 qui
680 3301 759 3378 post
791 3295 926 3361 materni
963 3296 1087 3360 ventris
1115 3295 1290 3379 hospitium
1327 3291 1428 3356 eremi

223 3406 388 3487 ,seurota
418 3408 582 3483 euentus,
614 3401 670 3462 utri
692 3399 852 3482 parvulus
882 3417 955 3466 enar
977 3402 1184 3483 serpentibus
1204 3399 1292 3464 tusit
1334 3399 1429 3462 Haeo

258 3511 372 3570 eontra
401 3504 644 3570 huoiierianuru
679 3503 886 3570 haeretionm.
929 3504 1015 3570 Nem
1035 3522 1122 3568 anne
1143 3503 1261 3596 aetatis
1281 3519 1363 3568 snae
1382 3498 1424 3564 V.

256 3609 312 3674 vet
333 3609 406 3672 vn.
429 3609 643 3693 eorruptelrrs
664 3608 775 3674 nundi
799 3609 930 3693 fugiens
952 3607 1251 3704 desumpserit,
1265 3615 1305 3672 et
1319 3606 1425 3688 „vitan

257 3713 454 3778 eremiticum
477 3712 568 3780 duxit
593 3710 693 3780 XXV
727 3713 831 3780 11111118.
875 3713 970 3778 Unde
1004 3717 1131 3780 eanitrn
1160 3699 1203 3778 de
1223 3733 1278 3778 eo:
1312 3696 1427 3776 'Antra

256 3815 380 3882 deserti
401 3819 524 3886 teneris
550 3819 611 3884 sub
643 3820 739 3885 annis
765 3819 885 3884 nivium
916 3826 1040 3884 turmas
1071 3819 1202 3904 fugiens
1235 3818 1363 3902 petisti,
1383 3833 1426 3880 se

255 3921 322 3988 tevi
355 3923 472 3990 saltem
504 3923 669 3989 uacuare
702 3923 804 3988 vitam
838 3923 926 3990 tarsu
956 3941 1082 4006 posses.
1132 3921 1217 4003 Quis
1247 3920 1426 3990 mindun

254 4026 476 4092 Bernhardnm
497 4029 579 4094 retis
601 4035 715 4111 urget,
733 4028 861 4110 justitia
884 4027 1001 4112 distet,
1023 4036 1060 4095 ut
1081 4029 1176 4096 heure
1197 4047 1235 4096 se
1256 4035 1357 4094 totum
1377 4023 1425 4090 illi

254 4129 379 4215 tradet,
402 4150 506 4216 aquo
528 4141 630 4198 toturs
653 4133 822 4200 sehabet.
865 4135 907 4198 Et
929 4133 978 4200 oie
998 4135 1186 4217 Jehannes,
1222 4141 1257 4196 ut
1277 4139 1425 4198 servem

253 4234 392 4303 mundas
413 4245 547 4320 manin,
569 4239 688 4322 qttfoua
701 4234 879 4306 'Christum
909 4246 1074 4323 turgeret,
1109 4249 1142 4304 et
1162 4237 1285 4320 oeulos,
1306 4235 1424 4319 quibus

843 4435 863 4472 J·
