3202 5218
344 480 417 545 dnm
443 481 594 545 mundum
616 481 712 546 simut
734 489 960 565 peragrarent,
991 481 1068 548 inde
1089 481 1135 544 dii
1161 480 1360 564 hospitibus
1381 479 1450 544 suis
1469 501 1524 545 non

344 585 461 668 ingrati
482 587 530 648 eis
552 587 668 649 ibidem
689 585 814 670 grande
834 586 985 670 templum
1011 585 1303 666 aedificaverunt,
1335 587 1527 648 constituen-

344 696 395 751 tes
419 706 477 752 eos
495 690 684 753 sacerdotes
708 707 890 772 sacromm,
915 691 969 776 qni
1002 701 1074 772 post
1095 693 1199 754 ambo
1224 688 1376 752 deificati
1399 691 1525 752 iuemnt.

345 792 468 855 Sedet
500 793 658 858 Dominus
692 804 820 878 noster,
849 796 950 859 desua
958 839 968 876 ,
1001 796 1034 856 in
1057 796 1197 877 tugurio
1233 792 1414 857 diversorii
1445 796 1528 856 nasci

344 897 446 982 voluit
468 907 500 961 et
522 909 694 982 riumqnam
726 900 886 982 propriam
926 897 1053 986 domum
1080 897 1209 961 hahuit.
1259 896 1414 969 Sanctus
1443 889 1527 960 etiam

343 1001 480 1085 Paulus,
511 1005 634 1086 primns
657 989 807 1085 emmila,
841 1003 1053 1086 interrogavit
1074 1012 1234 1066 sarnetum
1270 1002 1474 1082 Antonium,
1494 1018 1528 1062 an

346 1107 453 1171 adhuc
478 1106 657 1170 Christiani
690 1126 779 1172 more
799 1106 969 1190 gemilium
1001 1103 1150 1170 aedilicia
1179 1107 1255 1172 alta
1285 1113 1529 1186 construereut3

344 1210 455 1276 andito
488 1221 614 1296 antem,
644 1211 729 1295 quod
759 1213 827 1292 sic,
851 1227 961 1274 amare
996 1211 1196 1274 domentiam
1228 1219 1397 1293 reputans
1435 1209 1528 1272 flevit.

344 1315 403 1380 Sic
441 1325 576 1379 sanetus
613 1314 841 1398 Bernhardus,
872 1314 1001 1400 quando
1032 1317 1162 1398 tuguria
1199 1324 1380 1398 pastorum
1413 1312 1530 1374 calamo

346 1429 499 1494 contexta
511 1420 602 1500 vidit,
614 1409 703 1482 flevit
720 1419 879 1501 recolens,
891 1419 1013 1484 casulis
1021 1417 1296 1483 cistertiensium
1312 1435 1395 1482 esse
1409 1415 1529 1496 similia,

345 1525 422 1610 qnia
443 1533 520 1588 tunc
541 1523 738 1605 incipiebant
758 1523 904 1586 hahitare
924 1525 965 1585 in·
981 1526 1109 1607 magnis
1130 1525 1314 1594 aediliciis.
1358 1525 1401 1586 llit
1422 1522 1529 1583 heatus

345 1628 546 1709 Dominicns,
559 1626 632 1690 dnm
655 1626 851 1710 aliquamdiu
872 1645 936 1690 non
959 1628 1074 1691 hrisset
1086 1628 1262 1694 Bononiae
1284 1637 1321 1692 et
1339 1623 1526 1704 revenisset,

346 1733 471 1794 invenit
494 1730 710 1794 dormitorium
733 1739 767 1794 et
787 1729 887 1794 cellas
909 1731 1042 1795 fratrum
1071 1733 1224 1798 elevatas
1261 1733 1375 1797 inisse
1398 1749 1419 1793 a
1439 1739 1527 1798 terra,

346 1836 399 1899 cui
419 1833 627 1898 imminebant
656 1835 762 1919 prins3
791 1834 877 1919 quod
907 1834 1042 1917 videns,
1069 1855 1187 1920 magno
1212 1853 1373 1901 moerore
1394 1833 1526 1896 allectus

346 1939 443 2004 dixit:
465 1939 529 2002 heu
550 1938 684 2020 iratres,
706 1957 758 2001 me
777 1941 913 2004 vivente
932 1942 1073 2024 incipitis
1092 1941 1215 2023 palatia
1237 1939 1434 2021 aeditleare,
1455 1929 1525 2018 qnid

347 2061 399 2106 mc
419 2044 576 2107 moriente
596 2038 683 2108 criti
719 2045 765 2108 ltt
786 2045 968 2130 mandavlt,
990 2047 1109 2108 remitti
1131 2046 1269 2111 elevata
1292 2055 1329 2109 et
1362 2046 1397 2107 in
1419 2037 1524 2124 pristi-

346 2165 423 2210 num
444 2155 564 2212 statum
587 2152 698 2232 reponi
719 2149 910 2214 aedilicium.
954 2149 989 2212 S.
1010 2151 1196 2232 stantune,
1229 2152 1416 2234 episcopus
1438 2157 1524 2222 meg·

347 2269 424 2334 nus,
447 2250 596 2316 cellulam
617 2261 800 2318 contextam
824 2254 922 2340 lignis
944 2255 1082 2318 habehat
1100 2254 1195 2337 juxta
1216 2273 1317 2319 snam
1341 2249 1520 2315 eeclesiam.

346 2355 482 2438 Legitur
509 2355 550 2419 de
578 2356 717 2439 quodam
744 2375 825 2422 acne
852 2360 1002 2442 eremita,
1039 2359 1095 2442 qui
1124 2359 1240 2423 hahuit
1275 2356 1456 2440 hospitium
1484 2344 1521 2409 td

346 2459 510 2541 sepulchri
549 2459 694 2544 modum,
733 2480 827 2544 quem
872 2481 945 2526 cum
976 2463 1150 2546 imperator
1181 2465 1441 2546 interrogasset,
1472 2452 1519 2514 otti

346 2578 439 2626 snam
460 2563 587 2627 domum
610 2566 933 2632 commensuraeseti
965 2568 1145 2651 respondit,
1173 2569 1305 2652 corpori
1335 2581 1428 2646 meo,
1450 2556 1518 2642 quit

345 2667 409 2732 hoc
430 2665 552 2732 suflicit
573 2669 627 2732 hic
646 2670 767 2735 homini
787 2691 846 2754 pro
867 2671 1007 2756 hospitio
1038 2682 1070 2735 et
1092 2682 1217 2737 mortuo
1242 2691 1306 2756 pro
1337 2665 1515 2751 sepulchro·

345 2772 389 2834 llit
409 2771 548 2855 addidit,
581 2775 696 2838 melius
727 2777 890 2858 prosilitur
911 2777 952 2840 de
973 2780 1103 2860 tugurio
1128 2779 1160 2840 in
1183 2767 1333 2858 coelum,
1364 2787 1459 2856 qnam
1480 2763 1517 2826 dt

345 2877 520 2961 palatiola
547 2877 720 2942 iniernnm·
756 2881 851 2944 Unde
873 2881 1096 2948 Bernhardust
1128 2881 1296 2965 Obsecro,
1318 2883 1354 2942 in
1375 2869 1515 2961 peregri·

345 2983 476 3048 natione
498 2981 594 3065 hujus
616 2985 755 3069 saeculi,
778 2988 811 3048 in
834 2983 964 3069 militia,
987 2986 1103 3069 irater,
1126 2994 1246 3050 terram
1270 3003 1340 3051 uon
1365 2977 1511 3046 aedilice·

345 3105 419 3150 mus
452 3085 546 3150 nohis
566 3085 694 3153 domum
727 3089 768 3153 ad
789 3091 1016 3174 habitandum,
1054 3089 1112 3154 sed
1142 3089 1358 3156 tabernacula
1379 3085 1421 3150 ad
1442 3097 1512 3145 cut·

345 3187 496 3272 rendum,
525 3199 637 3273 utpote
662 3196 726 3258 cito
751 3196 910 3260 evocandi
939 3204 974 3259 et
994 3199 1028 3258 in
1048 3197 1211 3260 civitatem
1233 3196 1373 3279 patriam
1395 3190 1509 3270 migra·

345 3296 420 3356 turi.
442 3337 445 3346 ι
463 3294 591 3359 Dicitur
611 3297 652 3360 de
682 3297 849 3383 Vulcano,
872 3301 963 3366 lehre
983 3302 1098 3378 devie,
1132 3298 1217 3383 qnod
1240 3302 1315 3383 ipse
1332 3297 1434 3381 primo
1454 3286 1509 3351 td·

345 3397 472 3460 invenit
494 3399 711 3466 aedificiorum
730 3421 876 3487 pompas.
918 3405 1006 3467 Vide
1026 3406 1121 3468 etiam
1143 3403 1185 3466 de
1206 3403 1258 3468 his
1280 3397 1320 3468 P.
1345 3404 1374 3468 1.
1398 3389 1506 3462 didi.

232 3669 235 3677 ·
348 3627 408 3706 Dc
448 3627 633 3707 monachis
667 3633 877 3710 monasterii
912 3633 954 3714 S.
979 3631 1201 3712 Catharinae
1236 3645 1276 3712 et
1311 3621 1504 3736 depavit

535 3773 658 3829 eorum
683 3755 841 3832 moribus
868 3757 930 3832 vel
956 3753 1128 3856 gravibus
1153 3757 1347 3835 amoribus

429 3930 542 3998 Grave
562 3937 709 4019 proiecto
732 3947 782 4001 est
803 3935 936 4000 altorum
958 3939 1038 4001 vitia
1070 3938 1306 4021 reprehendere
1327 3937 1373 4018 ei,
1398 3927 1449 4014 (1¹1¹
1468 3935 1502 3982 ⁸⁰

343 4036 449 4120 ipsum
470 4039 612 4105 noandum
637 4041 760 4105 studuit
781 4061 802 4105 a
825 4041 916 4103 vitiis
941 4041 1122 4106 absolvere.
1166 4043 1349 4107 Locuturus
1369 4049 1444 4118 ergo
1463 4024 1499 4088 (¹⁰

343 4143 509 4206 monachis
528 4145 713 4208 monasterii
735 4144 770 4208 S.
793 4141 989 4208 catharinae
1010 4148 1118 4229 potins
1148 4158 1290 4232 cogente
1319 4133 1452 4212 vertute
1468 4133 1496 4193 5¹¹

342 4263 450 4311 eorum
473 4247 665 4332 vituperium
687 4251 899 4326 narrationem
929 4260 1054 4333 oportet
1081 4249 1242 4315 deducere
1274 4271 1368 4336 qnam
1394 4235 1496 4308 laudet

238 4411 241 4418 .
341 4347 543 4436 depromere,
566 4353 800 4419 nonobstante
821 4358 970 4440 propriae
991 4358 1078 4421 vitae
1100 4359 1361 4442 reprehensione.
1385 4341 1495 4429 fllium
