3212 5206
870 291 935 356 tta

313 497 387 543 cum
409 475 595 560 elephante,
625 491 721 556 quem
750 471 851 535 vincit
884 489 984 534 cornu
1015 477 1131 553 omens
1161 468 1196 532 ln
1224 469 1360 534 molliori
1392 477 1490 553 parte

313 582 473 665 eorporis,
495 587 529 641 et
547 587 583 642 ut
604 577 722 646 dictum
746 585 807 658 est,
821 575 966 658 virgines
988 575 1067 638 miro
1090 573 1183 638 modo
1204 583 1391 650 veneratur.

396 683 550 767 Pompeio
586 699 702 765 magno
732 679 793 744 luit
838 697 923 743 unus
954 681 1131 743 unicornus
1162 678 1299 742 Romam
1330 677 1492 742 adductus

312 810 372 876 pro
392 787 590 873 spectaculo,
614 795 650 848 ut
670 785 749 849 dicit
768 783 925 849 Albertnr
947 783 989 847 de
1011 783 1213 846 animalibus
1236 783 1384 866 bergam
1409 799 1491 866 ergo

313 915 434 959 moram
455 894 592 957 fecimus
612 889 674 952 snb
696 896 822 971 monte,
853 890 887 952 in
907 905 971 972 quo
991 886 1097 950 bestia
1119 889 1240 968 stabat,
1263 896 1297 949 et
1318 885 1491 950 videbatur

238 1075 242 1082 .
314 996 426 1078 nobis,
450 993 534 1078 quod
557 995 644 1058 sieut
664 993 738 1075 ejus
757 1001 911 1077 aspectus
932 992 992 1076 luit
1014 991 1107 1055 nobis
1131 991 1351 1075 delectabilis,
1381 993 1432 1056 sie
1453 1001 1490 1056 et

314 1108 468 1182 aspectos
489 1108 600 1162 noster
620 1097 699 1181 sibi,
728 1097 794 1161 lixa
816 1097 899 1162 enim
934 1097 1040 1161 stabat
1062 1095 1184 1177 bestia,
1214 1113 1277 1160 nec
1305 1095 1390 1178 lnglt
1423 1097 1490 1160 nisi

315 1204 409 1268 nobis
430 1202 664 1268 recedentibus

396 1310 434 1370 ln
463 1325 619 1390 processo
655 1315 817 1390 pastorem
848 1304 990 1368 vidimus
1033 1305 1208 1369 minantem
1239 1321 1373 1387 gregem
1430 1321 1492 1386 per

315 1411 512 1494 crepidinem
542 1412 680 1493 montis,
712 1409 798 1495 quod
827 1409 972 1474 mirabile
1001 1409 1062 1473 luit
1090 1411 1124 1473 in
1145 1409 1249 1474 oeulis
1281 1409 1419 1489 nostris,
1448 1425 1491 1470 eo

316 1514 404 1601 quod
426 1515 479 1578 dio
503 1516 665 1580 bominem
687 1533 752 1578 non
773 1513 987 1597 vidissemus,
1009 1522 1068 1579 aut
1087 1515 1224 1578 bestiam
1244 1512 1352 1578 saltim
1374 1510 1491 1575 donae-

316 1623 445 1689 stlcam.
486 1619 615 1683 Deinde
648 1621 681 1683 in
713 1619 818 1682 locum
853 1619 1021 1703 venimus,
1056 1621 1091 1682 in
1123 1636 1188 1703 qno
1219 1615 1491 1700 deprehendimus

315 1724 483 1788 habitasse
503 1726 631 1789 noviter
648 1723 792 1806 Arabes,
815 1723 890 1807 qnia
911 1722 1018 1788 adhuc
1039 1723 1171 1786 stabant
1191 1723 1238 1786 ibi
1254 1722 1368 1812 aliqua
1388 1730 1489 1804 tugu-

316 1829 396 1893 riola
415 1827 457 1891 de
474 1831 656 1910 sarmentis,
677 1828 740 1891 alia
759 1836 853 1891 erant
873 1829 1054 1912 combusta,
1080 1847 1214 1912 quorum
1237 1827 1324 1909 ignis
1346 1825 1489 1888 nondum

315 1933 357 1997 ad
379 1933 508 2016 plenum
529 1935 712 1998 exstinctus
733 1941 819 2016 erat,
854 1933 1016 1997 timuimus
1037 1951 1132 2016 ergo,
1165 1951 1208 1995 ne
1230 1933 1314 1997 lorte
1341 1932 1435 1994 nobis
1456 1931 1490 1993 in

317 2038 425 2122 aliquo
446 2038 520 2102 loeo
540 2044 766 2118 decurrerent,
788 2040 875 2102 siout
894 2046 927 2100 et
955 2036 1090 2120 accidit,
1112 2045 1148 2100 ut
1168 2038 1302 2118 patebit
1345 2035 1408 2099 Die
1429 2035 1491 2098 ad-

317 2151 571 2227 vesperascente
595 2143 758 2206 desertum
780 2141 925 2226 Sohoyle
947 2141 1069 2205 dictum
1089 2141 1230 2224 ingressi
1258 2159 1371 2204 sumus
1400 2149 1434 2204 et
1455 2141 1490 2202 in

247 2308 253 2322 ,
315 2248 404 2312 valle
421 2267 485 2312 non
506 2267 608 2332 parva
628 2248 766 2310 tentoria
787 2248 916 2311 linimus
937 2256 972 2310 et
993 2245 1188 2328 diligentiori
1210 2263 1288 2309 cura
1308 2255 1405 2310 nocte
1424 2245 1492 2310 ista

317 2351 545 2436 vigilavimus,
566 2371 609 2415 ne
632 2351 761 2416 Arabes
783 2370 886 2436 snper
908 2369 970 2416 nos
991 2360 1125 2435 repente
1145 2353 1316 2416 irmerent,

672 2581 807 2659 Gravis
831 2581 970 2657 deserti
997 2581 1132 2662 diaeta.

395 2764 459 2829 ute
477 2764 578 2848 XXI,
598 2782 683 2850 quae
701 2773 751 2827 est
766 2763 929 2827 Matthaei
950 2763 1090 2845 apostoli
1110 2765 1392 2848 etevangelistae,
1407 2784 1493 2850 qnae

317 2878 385 2933 erat
407 2868 567 2933 dominica
597 2869 690 2934 XVl.
723 2876 799 2952 post
822 2868 997 2949 Trinitatis,
1029 2885 1155 2932 summo
1178 2887 1274 2933 mane
1305 2889 1325 2932 a
1347 2870 1491 2955 Schoyle

317 2975 513 3038 recessimus
536 2983 570 3038 et
590 2993 649 3058 per
670 2974 788 3037 vallem
810 2974 892 3036 satis
915 2989 1082 3036 amoenam
1105 2971 1312 3037 redendimus
1334 2971 1491 3038 habentes

315 3089 465 3162 petrosos
487 3088 613 3142 montes
637 3078 678 3142 ad
701 3087 871 3159 utrumque
892 3076 977 3140 latus
999 3085 1030 3140 et
1050 3076 1329 3160 valdeexcelsos,
1342 3087 1376 3140 et
1397 3084 1491 3139 erant

316 3191 443 3245 montes
464 3184 520 3244 isti
541 3183 688 3244 insuetae
710 3192 743 3244 et
765 3181 921 3244 mirabilis
944 3181 1075 3262 formae,
1098 3184 1191 3263 quasi
1223 3190 1336 3245 essent
1357 3182 1491 3262 casoatl,

315 3294 347 3347 et
369 3293 475 3348 terrae
495 3284 617 3349 fundus
637 3286 773 3348 limosus
795 3293 826 3345 et
840 3287 1055 3366 graminosus.
1089 3286 1204 3368 Aoetpt
1225 3296 1331 3350 autem
1354 3285 1491 3348 faciliter

315 3396 423 3472 potest
449 3388 551 3451 lorma
572 3397 605 3450 et
626 3387 795 3470 dispositio
816 3387 942 3450 illorum
964 3388 1120 3451 melitium
1139 3392 1173 3451 ln
1193 3390 1341 3472 subjecta
1361 3390 1492 3453 fictione

315 3493 451 3575 poetica,
471 3493 518 3556 ita
538 3499 656 3573 tamen,
672 3489 757 3573 qnod
780 3499 943 3574 ponantur
964 3501 1093 3555 montes
1111 3495 1278 3558 citeriores
1294 3495 1396 3558 luisse
1416 3501 1492 3556 ante

315 3598 376 3660 hos
407 3595 595 3660 anteriores.
638 3593 807 3679 Siquidem
843 3597 962 3680 Diana,
994 3599 1149 3663 montium
1183 3598 1245 3664 dea
1276 3609 1311 3664 et
1342 3599 1491 3663 venatrix

315 3701 561 3782 rhinocerotum,
582 3709 615 3763 et
638 3717 775 3783 praeses
794 3701 938 3784 viarum,
959 3718 982 3764 a
1008 3701 1170 3766 littoribus
1202 3706 1301 3768 maris
1330 3704 1492 3768 unttnei

315 3806 460 3868 venitin
483 3813 599 3870 terram
631 3803 764 3868 bladian
788 3813 886 3870 vecta
907 3823 1002 3870 curru
1024 3809 1278 3892 pretiosissimo,
1300 3826 1395 3891 quem
1427 3807 1491 3870 albi

316 3909 406 3971 cervi
436 3910 615 3990 trahebant,
635 3908 789 3973 tendebat
811 3920 920 3975 autera
951 3913 985 3972 in
1019 3911 1179 3975 altissima
1216 3919 1385 3994 montana,
1407 3927 1492 3995 quae

315 4017 446 4072 veteres
466 4007 633 4078 orchades
655 4016 876 4092 nominabant,
895 4030 957 4076 nos
976 4031 1058 4076 vero
1079 4033 1138 4078 eoa
1158 4025 1234 4099 post
1254 4017 1364 4080 datam
1379 4015 1491 4100 Moysi

315 4110 420 4196 legem
437 4113 527 4180 Oreh
548 4125 582 4180 et
593 4116 685 4182 Sinai
704 4117 854 4201 dicimus,
868 4126 901 4182 et
920 4118 965 4185 ibi
980 4119 1094 4182 venari
1115 4120 1253 4183 volebat.
1282 4121 1367 4184 Dum
1382 4127 1491 4183 autem

314 4216 465 4284 inlocum
483 4218 580 4303 hujus
594 4220 702 4304 vallis,
715 4221 770 4305 qui
784 4219 924 4284 nondum
936 4221 1035 4286 vallia
1053 4233 1133 4306 erat,
1151 4225 1308 4309 venisset,
1320 4223 1491 4308 impeditur

272 4314 289 4344 ’
315 4320 376 4386 leit
409 4339 528 4394 currus
562 4341 731 4392 cervomra
777 4343 904 4392 currum
945 4343 1038 4392 suum
1073 4329 1287 4413 trabentium,
1310 4329 1378 4412 (b)
1417 4329 1492 4414 qula
