3240 5222
295 458 398 524 paene
418 437 524 502 omnis
551 437 753 518 conlltcntur,
776 451 839 498 uon
860 441 967 496 autem
991 433 1069 496 vilia
1089 441 1123 496 et
1143 428 1368 517 ignominiose.
1410 433 1466 498 ilc

157 569 160 576 ²
292 545 431 628 Virgine
457 541 563 604 illaria
590 548 736 602 errsntee
764 536 901 601 creduut
923 555 995 600 eam
1030 538 1133 601 inisse
1166 555 1310 601 sororem
1339 539 1465 606 Aaron.

292 647 441 732 Angelos
463 645 573 708 dicunt
594 645 713 708 habere
735 660 869 725 corpore
907 651 940 704 et
962 643 1003 705 ab
1032 641 1098 705 illis
1119 642 1257 724 Angelis
1292 641 1465 706 daemonia

294 753 398 835 iactu,
428 769 513 833 quae
535 747 639 812 Adam
669 746 805 812 adorare
827 755 985 809 renueret.
1034 747 1239 810 Patriarchas
1267 757 1410 836 sanctos.
1430 755 1476 812 et

292 857 468 940 prophetas
490 853 603 916 dicunt
623 852 726 923 inisse
737 851 948 934 Sarracenos,
964 859 997 913 et
1017 851 1164 916 homines
1179 850 1299 914 diluvio
1314 853 1465 935 periisse,

292 964 369 1045 quis
408 960 579 1024 noluerunt
607 957 678 1022 lieri
710 957 902 1039 sarraceni,
944 954 1092 1039 tet-quod
1133 955 1283 1037 Apostoli
1312 975 1391 1018 uere
1423 974 1465 1019 se

295 1045 497 1129 serracenos
532 1061 671 1145 professi
705 1068 792 1145 sunt.
842 1059 1095 1144 lleprehendnnt
1116 1059 1340 1142 Christianos,
1375 1059 1463 1141 quod

294 1167 437 1230 habeant
469 1167 641 1248 episcopos
654 1249 656 1252 Ι
671 1174 705 1227 et
731 1166 941 1249 presbyteros
979 1183 1103 1247 eosque
1131 1163 1300 1248 deificent3
1333 1164 1393 1227 sed
1425 1172 1462 1227 et

292 1268 413 1333 derisni
435 1285 496 1331 nos
526 1270 663 1352 habent,
687 1269 773 1352 qnod
807 1271 933 1333 beatem
954 1271 1124 1353 Virginem
1145 1271 1241 1353 qnasi
1263 1268 1463 1353 deificemus,

259 1428 262 1435 .
294 1374 457 1455 (licentes,
481 1372 568 1456 qnod
590 1371 743 1447 Christus.
759 1374 845 1456 apud
867 1375 970 1436 llenm
993 1393 1032 1437 se
1052 1374 1094 1437 de
1114 1374 1176 1437 boo
1194 1383 1348 1454 excuset,
1361 1373 1466 1456 puori

293 1477 387 1541 modo
409 1497 474 1540 non
502 1476 590 1539 dedit
616 1485 750 1540 matrem
772 1499 830 1560 pro
852 1481 936 1549 Dea.
978 1480 1030 1542 De
1050 1479 1235 1544 Alchorano
1256 1497 1316 1540 suo
1338 1477 1462 1560 dicunt,

291 1582 378 1667 qnod
411 1599 476 1645 non
508 1582 603 1645 homo
644 1600 706 1645 nec
738 1582 885 1647 diabolus
925 1590 1034 1665 potest
1070 1591 1138 1648 tam
1175 1584 1327 1667 elegans,
1363 1581 1460 1645 dulce
1498 1601 1502 1606 ·

263 1689 266 1696 '
293 1688 505 1771 mirabileqne
522 1685 683 1749 dictamen
704 1705 907 1769 componere.
929 1687 1164 1751 beatitudinem
1185 1688 1328 1750 ultimam
1349 1685 1463 1749 dicunt

190 1867 192 1872 ,
295 1785 487 1876 consistere
502 1794 537 1854 in
558 1791 722 1877 corporeis
750 1775 989 1875 'uoluptatibnm
1017 1791 1165 1876 crapula,
1195 1791 1302 1855 aliave
1326 1790 1485 1874 luxuria„
1596 1871 1599 1876 1

292 1906 408 1961 ornatu
429 1907 491 1960 otc.
515 1895 650 1960 Coelnm
669 1896 869 1960 contendunt
896 1915 972 1960 esse
993 1907 1135 1961 creatum
1157 1914 1200 1958 ex
1220 1887 1317 1960 inmo,
1340 1895 1464 1958 anns

292 2001 407 2065 (licitur
439 2002 608 2082 vaporatio
642 2002 751 2065 maris.
802 2003 896 2065 lllcre
935 2002 1051 2066 dicitur
1097 2001 1188 2064 blotc
1205 1997 1336 2082 Capti,
1376 1997 1463 2082 quctl
1533 2061 1535 2064 .

220 2153 224 2166 .
291 2107 393 2189 cingit
413 2105 523 2169 orbem
538 2115 578 2170 'ct
598 2105 762 2170 sustentat
793 2107 927 2171 coelum.
970 2107 1081 2170 Solem
1103 2113 1138 2168 et
1169 2105 1277 2168 lunam
1311 2122 1407 2187 pares
1427 2104 1464 2166 iu
1591 2129 1600 2161 ι

292 2210 452 2273 leminea
482 2210 640 2293 principio
662 2210 773 2274 dicunt
793 2211 906 2274 luisse.
946 2211 1022 2274 Non
1055 2219 1124 2274 erat
1145 2209 1310 2272 distinctio
1332 2208 1397 2271 diei
1428 2217 1462 2272 et

291 2314 414 2396 noctis,
457 2311 562 2376 Gahel
594 2322 702 2402 autern
740 2315 886 2399 angelus·
920 2315 1037 2379 volans
1071 2315 1161 2397 [per]
1193 2313 1319 2378 coelum
1356 2322 1459 2377 rotem

293 2417 390 2480 lunae
411 2415 463 2479 ala
483 2419 645 2499 percussit
662 2409 819 2503 'eamque
852 2422 902 2483 sic
929 2420 1160 2483 obtenebravit.
1203 2419 1256 2480 De
1288 2427 1389 2480 morte
1410 2417 1464 2480 di-

293 2530 389 2603 cunt,
418 2521 506 2604 quod
527 2523 570 2584 sit
600 2521 737 2605 angelus
768 2505 898 2591 nomine
929 2523 1059 2606 Adriel,
1094 2522 1212 2606 qui-in
1242 2520 1308 2584 line
1336 2540 1464 2585 omnem

292 2623 639 2702 woltermannum,
669 2629 765 2692 etiam
787 2629 940 2713 angelos,
963 2637 997 2691 et
1018 2628 1146 2692 demum
1168 2645 1206 2689 sc
1233 2627 1340 2708 ipsum
1361 2643 1464 2689 neca-

291 2729 359 2812 bit3
392 2731 456 2793 hcc
488 2730 574 2794 iacto
603 2749 715 2796 omnes
747 2733 838 2796 Dens
870 2735 1077 2797 resuscitabit
1111 2739 1297 2812 creaturas,
1333 2739 1463 2812 praeter

293 2842 437 2897 mortem.
480 2834 581 2898 Porro
601 2834 642 2899 de
663 2837 836 2900 virtutibus
871 2838 999 2900 animae
1033 2846 1066 2899 et
1087 2835 1128 2900 dc
1149 2837 1259 2899 ultimo
1286 2834 1353 2897 line
1373 2836 1464 2899 futu-

295 2956 332 3001 rc
361 2937 519 3022 quaedem
561 2941 680 3005 dicunt.
727 2942 872 3008 Uxorem
910 2941 1125 3026 pluralitatem
1159 2940 1358 3023 praecipiunt
1399 2940 1462 3002 nec

291 3041 471 3106 sodomiam
504 3055 619 3108 curant
639 3046 819 3118 admittere.
863 3047 1044 3110 llnormiter
1064 3047 1098 3106 in
1132 3045 1241 3108 multis
1263 3051 1390 3126 errant,
1422 3042 1464 3106 dc

291 3146 409 3228 quibus
429 3146 529 3210 multa
550 3150 672 3230 scripta
693 3153 825 3214 suntin
846 3150 1015 3214 hortalitic
1036 3148 1130 3214 uidet
1150 3161 1184 3214 ct
1206 3150 1240 3213 in
1260 3157 1400 3214 tractatu
1422 3147 1465 3212 tle

294 3247 500 3316 cribratione
521 3252 710 3316 Alchoreni.

650 3454 653 3462 Δ
779 3417 819 3480 ll.
843 3413 973 3483 Graeci.

373 3566 529 3630 Habitant
563 3567 600 3630 in·
633 3565 819 3632 Jerusalem
850 3569 942 3632 multi
979 3567 1115 3652 Graeci,
1154 3585 1289 3650 quornm
1322 3568 1462 3638 ccclesia

290 3671 368 3736 clim
389 3671 597 3736 doctissimos
618 3671 728 3735 habuit
748 3674 859 3756 viros,
882 3690 969 3737 nunc
987 3692 1066 3737 vero
1087 3674 1265 3736 innumeris
1292 3672 1464 3736 obfuscata

290 3784 342 3838 eet
363 3777 542 3856 erroribus,
564 3780 738 3861 praecipue
765 3780 925 3842 tamenin
945 3787 1081 3861 quatuor
1103 3779 1256 3842 articulis.
1302 3778 1330 3840 l.
1359 3778 1464 3860 Spiri-

291 3888 358 3942 tum
381 3889 530 3943 sanctum
558 3901 622 3944 non
645 3881 780 3946 credunt
801 3902 821 3946 a
842 3882 927 3947 l'ilio
963 3881 1137 3964 procedere
1173 3900 1236 3946 uec
1257 3883 1462 3945 existentiam

289 3982 450 4066 quandam
472 3984 602 4053 habere.
622 3986 655 4055 2.
680 3986 859 4069 Asserunt,
882 3985 1105 4050 defunctorum
1126 3987 1251 4050 emmas
1266 3988 1462 4050 nectentes

288 4105 351 4152 nec
369 4087 537 4152 damnatas
551 4109 628 4154 esse
646 4100 724 4154 ante
736 4091 844 4174 latam,
864 4091 1057 4156 sententiam
1078 4093 1113 4153 in
1135 4101 1279 4158 extremo
1296 4091 1463 4172 judiciuin

288 4211 354 4276 quc
369 4201 403 4254 et
420 4193 644 4277 Purgatorinm
661 4205 791 4277 negant.
813 4195 843 4260 3.
855 4195 975 4258 Dicunt
995 4213 1113 4279 corpus
1124 4194 1248 4261 Christi
1264 4196 1381 4262 confici
1396 4213 1463 4258 non

287 4315 398 4383 posse,
419 4315 482 4365 uec
501 4299 726 4366 infirmeutare
769 4304 800 4366 4.
822 4299 1002 4366 Romsmt
1023 4301 1197 4370 ecclesium
1216 4309 1338 4384 negant
1359 4307 1458 4384 ceput
