3204 5216
810 287 872 352 144

257 469 321 538 nisi
343 466 431 556 quod
445 483 528 534 uvas
547 487 606 553 pro
622 475 701 554 potu
721 467 882 552 suximus,
902 483 988 556 quae
999 483 1088 535 uuae
1101 475 1195 532 eraut
1215 463 1440 554 dulcissimae,

257 579 351 642 albae
372 582 407 638 et
427 576 550 658 nigrae.
593 573 657 634 His
677 572 840 654 peractis,
861 582 895 636 et
916 573 1166 656 proximioribus
1188 571 1269 640 locis
1292 573 1440 640 deoseu-

258 683 344 762 latis,
367 687 506 742 montem
528 675 624 761 Syon
645 675 864 759 ascendimus,
886 685 918 739 et
940 676 982 739 ad
1002 673 1171 763 prandium
1194 676 1326 742 fratrum
1350 697 1439 744 co»-

257 785 412 852 aedlmue
439 781 521 846 Post
541 779 715 870 prandium·
731 790 892 843 verterunt
914 777 1033 845 domiui
1055 781 1218 864 peregrini
1239 781 1273 842 in
1291 789 1438 843 montem

258 888 363 972 syon,
383 894 534 971 petentes
545 884 931 968 Trutscbelmauuum,ut
945 900 1013 948 uos
1035 885 1170 948 duceret
1191 883 1439 967 inBetbleheu,

258 991 315 1071 qni
335 991 526 1052 convocatis
548 994 581 1053 et
606 989 774 1054 conductis
804 986 954 1054 asinards
977 1005 1050 1053 eum
1084 989 1187 1055 asinis
1209 985 1439 1052 veneruntad

257 1112 336 1177 nos3
358 1091 503 1160 sedimus
526 1109 604 1176 ergo
626 1109 726 1177 super
752 1094 880 1176 asinos,
908 1103 1036 1157 etcum
1058 1092 1242 1157 Sumoeno
1263 1089 1450 1176 Sabamy„

258 1207 354 1262 unco
376 1197 418 1261 de
438 1196 623 1260 Jerusalem
646 1194 825 1280 exivimus,
857 1206 986 1261 etcum
1016 1198 1225 1260 venissemus
1247 1194 1289 1258 ad
1311 1196 1439 1261 clivum

212 1355 214 1358 .
258 1319 418 1368 ascensus
449 1301 568 1364 montis
602 1302 717 1386 Gyen,
749 1321 791 1365 ex
821 1303 970 1385 opposito
998 1303 1115 1365 montis
1145 1300 1261 1384 Syon,
1293 1301 1439 1362 occurrit

258 1408 352 1472 uobis
374 1407 537 1469 exercitus
556 1406 719 1487 Arabum,
751 1409 825 1491 qui,
851 1409 973 1470 nescio
996 1423 1061 1488 quo
1082 1405 1257 1487 prodente,
1287 1405 1349 1466 iter
1369 1423 1439 1466 no-

258 1519 361 1575 strum
394 1511 658 1593 exploraverint,
690 1519 723 1573 et
751 1513 924 1574 transferres
959 1509 1053 1573 cobis
1083 1508 1337 1590 interdixerunt,
1368 1509 1439 1570 nisi

258 1613 431 1700 pedagium
452 1623 485 1676 et
505 1613 732 1697 ganglragium
755 1615 802 1676 eis
819 1613 1035 1696 solveremus,
1048 1621 1082 1674 et
1098 1629 1255 1675 summam
1274 1610 1447 1694 poemiae.

193 1761 204 1775 .
258 1720 343 1782 satis
375 1735 525 1801 magnam
550 1717 776 1801 postulabant,
808 1736 904 1800 quam
938 1717 1015 1790 dum
1037 1717 1114 1781 dare
1145 1733 1379 1800 recusaremus,
1399 1726 1438 1780 α

136 1881 139 1888 .
259 1820 316 1888 din
336 1819 432 1886 simul
454 1822 688 1906 litigdssemus,
709 1823 744 1885 vi
765 1830 940 1906 coegerunt
962 1838 1024 1885 nos
1045 1819 1165 1884 reverti
1186 1821 1222 1883 in
1235 1820 1433 1885 Jerusalem.

137 2155 139 2160 ,
260 2065 461 2144 Tractatus
486 2066 534 2142 de
559 2066 852 2168 peregrinatione
876 2066 987 2143 uraris
1023 2073 1155 2146 mortui
1180 2070 1219 2148 in
1246 2066 1432 2144 Sodomis.

342 2247 482 2313 Reversi
503 2260 610 2314 autem
632 2234 665 2314 iu
686 2252 850 2315 civitatem
872 2257 1020 2342 sanctem
1040 2251 1219 2331 petivimus
1242 2249 1434 2313 'l'rutsohel-

259 2369 412 2414 mannum
433 2353 648 2447 et-Calinum
661 2399 671 2438 ,
701 2366 738 2418 ut
772 2353 982 2436 providerent
1015 2355 1109 2417 nobis
1132 2354 1173 2417 de
1204 2355 1306 2416 asinis
1335 2352 1434 2415 etde

259 2464 328 2518 tuta
350 2456 514 2540 comitiva,
529 2477 603 2522 cum
619 2477 686 2542 qna
703 2459 743 2522 ed
765 2477 854 2521 mare
872 2466 1030 2521 mortuum
1053 2456 1254 2525 descendere
1272 2456 1433 2521 vellemus

259 2558 428 2643 adipsum
449 2560 729 2631 corrsldcrandnm.
770 2565 844 2626 Hoc
868 2561 1037 2626 audientes
1058 2561 1122 2626 duo
1145 2563 1193 2625 illi
1216 2561 1328 2624 Calini
1349 2562 1442 2624 Sar-⁴

259 2667 369 2728 racenl
390 2664 681 2748 peregrinationem
703 2668 791 2729 illam
812 2667 947 2729 multum
965 2665 1210 2751 difflordtabaua
1237 2665 1432 2730 inducentes

258 2770 377 2833 multas
390 2771 543 2854 rationes,
562 2773 680 2855 quibus
698 2790 719 2836 a
736 2780 891 2852 concepte
912 2772 1172 2853 peregrinatione
1187 2789 1249 2834 uos
1267 2772 1433 2834 retrahere

259 2883 404 2957 possent.
446 2873 555 2940 Prima
581 2896 691 2941 eorum
717 2877 801 2942 ratio
823 2876 883 2938 init
908 2877 1005 2959 quasi
1025 2875 1260 2959 theologicalis,
1282 2875 1434 2938 dicebant

258 2979 366 3061 eninr,¹
383 2979 468 3062 quod
495 2991 626 3064 propter
648 2983 720 3047 loca
741 2987 874 3061 emota,
910 2995 996 3061 quae
1015 2979 1175 3043 Dominus
1196 2979 1359 3048 benedixit
1366 3023 1377 3062 ,
1399 2987 1433 3042 et

259 3080 410 3146 Christus
431 3091 544 3146 noster
573 3085 810 3165 sanctificavit,
840 3083 1007 3166 ¹visitanda
1029 3083 1235 3146 venissemus
1258 3083 1300 3146 de
1320 3092 1432 3147 trans-

262 3187 395 3256 msrlrds
415 3185 579 3268 partibus,
601 3196 635 3250 ot
655 3207 719 3252 non
742 3197 873 3270 propter
895 3187 1032 3270 pretam
1058 3187 1147 3271 loca,
1171 3206 1255 3272 quae
1272 3185 1431 3257 nomnen

259 3288 441 3371 maledixit,
465 3287 538 3370 (B)
560 3289 645 3351 siout
663 3298 714 3352 est
735 3309 824 3354 mere
845 3301 1034 3374 mortuum,
1066 3289 1151 3375 qnod
1178 3293 1241 3375 ipsi
1259 3293 1432 3357 Sarraceui

239 3394 426 3456 nominant
465 3411 555 3462 mare
588 3391 810 3478 maledictum,
848 3395 933 3478 quod
973 3393 1135 3480 Urebant,
1166 3401 1252 3462 omni
1284 3400 1434 3464 credenti
1467 3385 1472 3392 ’

258 3496 437 3578 scripturis
460 3513 536 3559 esse
558 3481 746 3580 fugiendum
769 3507 804 3561 et
825 3497 1063 3584 detestandum,
1082 3511 1113 3564 et
1136 3502 1222 3586 quod
1241 3502 1434 3572 deberemus

258 3619 334 3665 esse
355 3601 516 3683 contenti,
537 3601 624 3684 quod
645 3602 850 3666 benedictum
880 3603 1058 3668 Jordauem
1079 3605 1230 3672 vidimus.
1277 3592 1433 3682 Secunda

258 3708 350 3788 ratio,
366 3716 468 3789 qnare
490 3707 592 3770 invite
612 3724 673 3770 nos
696 3707 737 3771 ed
759 3725 848 3770 mare
870 3717 1028 3773 mortuum
1048 3708 1219 3794 ducebant,
1233 3721 1284 3774 est
1300 3720 1432 3793 propter

255 3811 387 3884 Arabes
415 3819 448 3873 et
471 3809 686 3892 Madiaultas,
715 3812 826 3895 quiin
858 3812 926 3876 illls
953 3813 1092 3878 desertis
1122 3815 1284 3893 habitunt,
1316 3823 1350 3875 et
1370 3829 1430 3894 pre

258 3914 380 3999 praede
413 3915 597 3979 discurrunt
635 3935 694 3998 per
715 3917 824 3998 regias
850 3917 942 4001 vias,
972 3936 993 3979 a
1012 3935 1144 4002 quarum
1166 3917 1337 3980 invasione
1363 3933 1430 3980 non

258 4027 397 4102 possunt
419 4015 503 4083 berle
526 4022 651 4102 protegi
673 4022 851 4104 peregrini,
881 4023 947 4085 nisi
968 4023 1107 4086 arcubus
1129 4028 1163 4082 et
1186 4016 1304 4102 gladiis
1332 4019 1431 4102 luga-

257 4132 366 4187 rentur
386 4134 419 4186 et
439 4121 660 4205 laederentur,
682 4141 757 4187 cnm
778 4126 846 4188 siut
865 4127 1008 4188 inermes
1037 4133 1075 4186 etv
1091 4122 1179 4198 nudi.
1211 4121 1348 4205 Propter
1368 4143 1431 4188 nos

256 4238 362 4292 eutem
385 4227 538 4291 nolebant
558 4241 616 4290 eos
637 4227 784 4312 laedere,
819 4229 879 4293 sed
901 4227 1052 4291 dicebaut
1088 4227 1197 4309 potius
1219 4227 1287 4310 pati
1306 4227 1432 4310 spolia-

254 4336 374 4400 tionem
397 4340 560 4415 nostram,
592 4351 688 4417 quarn
715 4333 891 4417 laesionem
914 4349 1034 4395 eorum.
1079 4331 1165 4397 Sunt
1195 4332 1280 4396 enim
1301 4332 1432 4397 Ambos
1491 4329 1494 4336 “
1548 4377 1550 4387 ,
