3132 5206
156 2755 218 2831 De
243 2753 406 2832 secundo
440 2755 610 2855 ingressu
641 2699 911 2858 peregrinorum
945 2755 981 2827 in
1015 2751 1230 2829 dominicum
1260 2777 1324 2831 sc·

157 2874 345 2978 pulchrum
382 2875 492 2954 etde
516 2878 703 2956 creatione
748 2873 896 2954 militurn
921 2874 957 2948 in
996 2897 1050 2976 co
1083 2873 1193 2954 etde
1223 2897 1324 2950 com-

441 2991 670 3071 mendatione
695 2994 860 3094 ejusdem
882 2993 1042 3070 militiae.

239 3191 379 3260 narn·
397 3195 537 3277 septime
557 3191 621 3276 die,
646 3210 731 3275 quse
756 3201 807 3258 est
827 3193 863 3256 S.
875 3193 985 3257 Alexii
1007 3192 1324 3278 confessortsprse-

156 3297 290 3363 cedenti
309 3315 461 3383 vespere,
475 3313 548 3362 oum
568 3298 776 3362 venissemus
797 3297 839 3360 de
859 3295 1182 3380 Bethlehemflroeeti
1203 3299 1323 3364 inimus

155 3419 273 3470 unes
294 3401 337 3466 ed
358 3403 471 3466 atrium
492 3401 604 3485 templi
624 3403 731 3466 moti
752 3402 925 3486 sepulchri.
968 3401 1212 3466 Festinavtmns
1234 3423 1323 3490 ergo,
1351 3483 1368 3494 Γ

156 3517 190 3570 et
210 3505 255 3570 sd
275 3505 431 3592 templum
451 3505 690 3590 descendimus,
711 3515 745 3570 et
766 3506 885 3570 multos
906 3506 1106 3570 Sarracenos
1127 3507 1256 3591 quidem
1277 3511 1323 3572 rot

156 3612 343 3676 invenimus
364 3619 400 3678 et
430 3620 645 3695 mutones,
665 3609 726 3676 sed
749 3611 828 3674 nihii
848 3629 978 3694 eorum,
1010 3629 1095 3695 qnae
1115 3612 1223 3675 mendi
1243 3631 1324 3697 pos-

157 3723 250 3799 sent,
282 3717 402 3782 venete
433 3719 630 3800 reperimus,
661 3716 748 3780 siout
777 3718 886 3803 prius,
918 3725 951 3780 et
982 3716 1023 3779 de
1051 3717 1114 3780 hoc
1143 3717 1325 3781 conturbati

25 3857 28 3866 =
158 3817 291 3904 mmm,
311 3821 388 3904 quie
407 3821 489 3887 lessi
510 3839 553 3886 ex
567 3822 682 3886 itinere
702 3821 832 3903 srdmus,
857 3831 890 3886 et
909 3839 1022 3905 perum
1045 3821 1237 3906 quievimus,
1263 3839 1326 3886 neo

29 3942 33 3951 ·
159 3940 295 3989 menum
317 3925 511 4010 feceramus,
526 3934 559 3988 st
576 3925 634 3993 ills
652 3941 714 4008 spe
732 3925 880 3990 velocius
907 3925 1134 3990 descendimus
1160 3935 1322 4009 putentes,

28 4056 39 4211 ἐ

31 4016 36 4029 ’
158 4045 218 4091 nos
240 4029 333 4092 cibos
355 4038 539 4114 reperturos
562 4029 597 4094 in
618 4033 712 4114 tttrto,
729 4049 811 4114 quos
831 4030 1098 4096 manducaremus
1119 4032 1152 4094 in
1175 4031 1324 4111 ecclesie,

160 4131 217 4195 ssd
237 4151 337 4197 nemo
359 4133 433 4198 iltes
454 4133 562 4203 detet-
604 4132 728 4199 Nescio
749 4137 853 4222 cuim,
883 4153 926 4200 ss
951 4153 1017 4221 que
1038 4151 1157 4200 censu
1176 4136 1324 4216 contigit,

162 4235 214 4297 vel
233 4237 310 4319 qum
331 4239 582 4322 praedicaverit,
597 4239 684 4324 quod
708 4239 827 4305 domini
847 4241 1000 4306 custodes
1020 4239 1131 4324 templi
1153 4237 1326 4302 Sarracent

164 4339 382 4418 prohibuerint
404 4345 440 4408 iu
461 4343 609 4426 civitate,
630 4347 766 4430 nequis
786 4349 968 4430 peregrinis
989 4351 1174 4428 spportsret
1194 4341 1323 4404 ciberis.

619 4480 623 4491 .
1077 4451 1090 4500 r
