3232 5218
689 367 754 434 ata
887 415 901 429 .

131 548 208 612 anni
229 563 335 630 usque
356 544 397 609 ad
419 544 691 629 praedicationem
715 547 840 613 Christi
864 551 1006 634 quinqua
1028 550 1115 615 milia
1133 550 1304 618 ccxvnr

132 661 217 717 sunt.
247 651 409 715 Ysldorns
423 660 531 715 autem
551 651 640 736 dicit,
654 662 809 716 'cessante
823 654 1019 718 Judaeorum
1034 673 1134 738 regno
1149 665 1304 720 etsacer-

1 745 2 759 ¹
133 757 221 821 dotio
229 755 533 820 nasciturchristus
548 758 581 819 in
591 757 779 821 Bethlehem
791 776 875 822 anno
885 760 979 822 Xhll
990 758 1142 824 Caesaris
1151 762 1303 849 Augusti,

133 863 186 926 cui
209 861 418 924 adrastabant
447 862 515 924 XV
535 863 621 942 anni,
647 863 675 924 si
698 864 847 945 regnavit
868 865 961 932 ΙΝΙΙ
983 865 1085 929 annis.
1129 866 1208 930 l’ost
1230 887 1303 930 eum

133 969 282 1050 regnauit
295 966 443 1028 'liberius
464 966 687 1029 annosXXlll
709 975 743 1028 et
763 967 834 1049 ejus
846 970 920 1032 XV.
943 989 1027 1033 anno
1047 969 1198 1036 Christus
1219 973 1303 1056 bap·

1 1127 3 1140 ,
134 1075 255 1136 tinatns
286 1080 363 1154 est,
377 1090 451 1134 cum
479 1081 570 1134 esset
595 1071 691 1133 XXX
721 1090 893 1155 annorum3
916 1082 948 1136 et
969 1094 1053 1138 anno
1075 1076 1193 1139 liberii
1211 1077 1301 1140 XIX.

133 1176 472 1242 Christuscrucilixus
485 1184 546 1239 est.
591 1175 784 1241 Ambrosius
805 1179 897 1242 dicit:
921 1181 961 1242 ab
974 1181 1302 1266 orbeconditousque

133 1281 176 1346 ad
196 1282 379 1344 Jerusalem
402 1281 562 1346 conditam
583 1283 659 1344 anni
686 1293 762 1346 sunt
784 1287 880 1366 taen
902 1288 942 1347 ab
965 1289 1044 1348 urbe
1064 1285 1192 1349 condita
1213 1306 1302 1368 vero,

131 1387 256 1468 Roma,
290 1405 396 1470 usque
434 1385 476 1448 ad
504 1387 706 1448 nativitatem
735 1386 856 1452 Christi
888 1390 964 1452 anni
995 1399 1071 1453 sunt
1100 1393 1302 1475 septingenti

133 1492 328 1577 quindecim.

216 1598 309 1660 'litus
337 1613 416 1658 vero
448 1595 602 1659 obsidens
630 1595 813 1660 Jerusalem
841 1599 944 1681 primo
972 1597 1126 1681 templum
1159 1600 1303 1665 incendit

132 1707 165 1762 et
187 1697 305 1760 deinde
325 1706 424 1763 totam
446 1702 610 1764 civitatem
632 1703 819 1786 combussit,
842 1712 875 1766 et
896 1722 1005 1766 muros
1019 1704 1132 1787 templi
1154 1705 1299 1780 funditus

132 1803 253 1866 evertit
283 1811 487 1887 montemque
517 1804 607 1889 ejus,
635 1806 669 1867 in
693 1825 757 1889 qno
778 1809 901 1893 stabat,
933 1808 1044 1871 abradi
1074 1808 1151 1872 lecit
1182 1817 1215 1870 et
1241 1826 1300 1891 per

13 1953 20 1968 ,
130 1924 290 1992 praeceps
309 1909 342 1970 in
368 1916 543 1972 torrentem
570 1909 699 1974 Cadron
722 1912 834 1995 projici
857 1912 1040 1994 mandavit,
1060 1912 1185 1974 lossata
1205 1929 1296 1975 com-

131 2012 287 2095 planavit,
309 2031 494 2097 coaequans
514 2023 633 2096 terrae,
654 2026 690 2080 nt
711 2024 803 2100 patet
824 2017 867 2080 de
884 2017 1107 2099 bellojudaico
1118 2015 1203 2078 hibr.
1220 2016 1296 2078 Vll.
1377 2015 1382 2040 ³

134 2115 283 2200 Capiti.
306 2126 340 2180 et
364 2119 443 2182 alibi
463 2121 607 2202 saepius.

216 2220 289 2304 (B)
310 2222 476 2304 Josephus
489 2223 577 2306 dicit,
598 2226 631 2287 in
654 2224 711 2288 illa
721 2226 865 2289 civitatis
877 2223 1141 2287 exterminatione
1152 2220 1300 2286 Judaeo-

132 2341 203 2389 rnm
224 2326 379 2390 undecies
409 2337 546 2390 centem
566 2328 667 2393 millia
700 2329 785 2390 lame
817 2336 852 2391 et
879 2328 988 2412 gladio
1010 2328 1147 2411 periisse
1182 2336 1217 2390 et
1236 2327 1301 2390 alia

131 2440 259 2495 centum
280 2433 379 2496 millia
399 2435 599 2516 captivorum
615 2435 744 2516 publice
755 2433 952 2514 venundata,
973 2435 1049 2518 quia
1064 2433 1181 2497 civitas
1203 2432 1299 2516 plena

128 2535 269 2598 Judaeis
284 2537 353 2619 luit,
366 2539 421 2621 qui
444 2539 484 2602 ad
508 2538 693 2621 paschalem
712 2539 947 2602 solemnitatem
969 2537 1193 2602 celebrandam
1216 2555 1298 2601 con-

131 2641 306 2723 fluxerant3
343 2661 405 2704 nec
442 2643 559 2724 aliquis
581 2643 787 2707 Christianus
820 2643 870 2706 bis
906 2642 1141 2707 calamitatibus
1173 2641 1299 2723 aderat,

130 2747 239 2810 omnnia
259 2754 293 2809 ut
314 2747 392 2810 dicit
413 2748 572 2810 Eusebius
594 2749 820 2813 Caesariensis
841 2751 874 2812 in
895 2749 1129 2811 Ecclesiastico
1149 2747 1297 2809 Historia

36 2849 39 2854 ’
129 2852 171 2920 [a
193 2853 248 2914 lll.
272 2851 310 2915 C.
338 2851 395 2915 tv.
421 2853 453 2914 in
476 2849 563 2914 line.¹
593 2855 764 2937 Ecclesia,
799 2871 883 2934 quae
917 2855 953 2914 in
972 2852 1156 2915 Jerusalem
1189 2851 1295 2913 fuerat

129 2965 340 3040 congregata,
373 2976 528 3039 responso
549 2967 569 3021 a
590 2959 730 3022 Domino
751 2964 886 3038 accepto
908 2959 1067 3040 emigrare
1091 2955 1223 3036 jubetur
1259 2962 1295 3016 et

130 3061 274 3124 transire
295 3060 337 3123 ad
358 3062 507 3145 oppidum
537 3062 712 3147 quoddam,
733 3061 857 3125 Pellam
878 3061 1026 3142 nomine,
1048 3059 1090 3122 de
1111 3077 1175 3143 quo
1197 3077 1297 3142 snpra

130 3165 187 3229 l'ol.
210 3168 276 3229 244
295 3166 343 3249 lt,
373 3175 463 3230 trans
481 3167 669 3249 Jordanem,
700 3185 764 3250 quo
783 3166 901 3230 ablatis
929 3185 970 3230 ex
998 3167 1078 3228 urbe
1104 3168 1229 3230 sanetis
1263 3175 1297 3227 et

128 3270 231 3353 justis
251 3270 333 3333 viris
354 3271 519 3336 uindictae
540 3272 676 3336 coelesti
703 3271 796 3334 fieret
817 3271 992 3336 locustam
1015 3270 1057 3334 de
1082 3271 1162 3334 urbe
1190 3272 1295 3334 sacri-

131 3373 222 3457 lega,
255 3393 352 3459 qnam
386 3376 427 3439 de
453 3378 571 3460 populo
599 3377 696 3458 impio
728 3396 787 3458 per
818 3378 979 3441 excidium
1001 3376 1124 3458 patriae
1144 3377 1294 3440 eversio-

131 3496 270 3561 nemque
305 3481 493 3550 sumendae.
536 3481 617 3545 Cum
648 3489 754 3544 autem
777 3479 915 3546 Romani
946 3485 986 3546 ab
1013 3481 1093 3545 urbe
1112 3481 1295 3545 Jerusalem

130 3582 173 3645 ad
193 3582 297 3647 solnm
320 3584 480 3648 deductae
501 3587 727 3667 recessissent,
748 3584 877 3666 Judaei,
899 3586 955 3668 qni
977 3585 1104 3648 inerant
1123 3586 1157 3648 in
1177 3586 1295 3649 abditis

128 3687 319 3771 absconditi,
337 3691 461 3753 reversi
483 3701 559 3754 suunt
580 3693 612 3754 iu
635 3691 741 3754 locum
762 3689 1117 3772 attuguriaerigentes,
1131 3690 1164 3751 in
1178 3692 1295 3774 quibus

129 3791 321 3873 habitarent,
344 3795 470 3878 inloco,
491 3796 546 3858 ubi
569 3794 719 3878 templum
742 3801 887 3875 steterat,
908 3795 1079 3856 oratorium
1101 3804 1295 3859 construxe-

130 3906 204 3959 rnnt
226 3897 354 3961 humile.
411 3899 479 3962 Sed
500 3909 533 3961 et
554 3901 694 3964 ecclesia
718 3899 758 3964 de
779 3899 869 3963 Pella
890 3897 933 3959 ad
954 3897 1059 3960 lomim
1081 3898 1175 3961 rediit
1189 3900 1294 3981 gratia

127 4000 389 4072 Deoserviendi.
432 4004 542 4067 ludaei
565 4008 660 4068 etiam
682 4001 823 4070 nondum
845 4003 1080 4067 calamitatibus
1098 4005 1181 4066 satis
1199 4005 1293 4068 fracti

127 4103 307 4169 seditiones
327 4108 545 4191 concitabant,
567 4112 684 4193 quibus
704 4111 819 4175 fideles
837 4117 870 4170 et
884 4106 1024 4190 gentilos
1044 4109 1088 4172 ibi
1109 4109 1293 4172 habitantes

1 4243 2 4278 t
127 4207 263 4273 cottidie
282 4213 522 4296 perturbabant,
547 4220 640 4276 arant
661 4214 745 4277 anim
766 4213 894 4277 siccarii
916 4211 1141 4294 crudelissimi,
1162 4221 1195 4274 et
1223 4211 1291 4294 jam

1 4305 2 4392 ᾗ
126 4312 171 4376 ad
192 4321 309 4378 terram
339 4326 531 4399 prostratam
566 4325 598 4379 et
634 4319 667 4380 in
695 4317 855 4400 sanguine
884 4315 1079 4380 tabefactam
1107 4315 1291 4378 Jerusalem

1 4421 2 4438 ¹
124 4435 215 4484 novo
247 4437 362 4486 cruore
395 4418 640 4506 perfundebant.
682 4421 724 4484 Et
758 4419 819 4483 sub
853 4419 905 4483 his
939 4420 1033 4482 malis
1071 4419 1161 4482 stetit
1198 4416 1290 4479 locus
