3132 5206
783 306 866 370 '42

263 485 443 551 oontrnrios
463 488 593 566 ventos,
614 485 670 549 vei
690 495 821 570 propter
854 495 1024 552 ventorum
1045 483 1149 570 (198
1160 486 1222 572 Δ)
1247 487 1443 570 maeotium,

212 637 218 648 .
263 593 505 676 gubemetores'
531 589 705 654 ourrebnnt
736 610 794 674 per
832 591 977 676 aloem,
1016 602 1049 656 et
1082 595 1194 657 omnin
1230 593 1445 657 reserveonlo

263 697 503 781 peregrinorum
535 695 778 780 perquirebant,
811 705 845 762 et
875 696 1025 780 singulos
1064 697 1207 782 eugtrlos
1248 697 1445 778 lustrabunt,

192 803 193 808 ’
262 807 457 887 quaerentes
481 817 599 883 equom
626 799 799 883 Jordnnis,
828 801 881 864 oui
902 820 997 866 omne
1018 799 1248 867 diffortunium
1273 802 1447 866 sdsonbe-

262 906 356 988 beni,
378 913 411 967 et
432 904 461 967 si
485 922 551 968 non
582 905 777 968 invenerunt
796 923 861 968 nun
880 906 969 990 viee,
1001 907 1066 970 ulis
1085 909 1179 990 vioe,
1212 907 1364 970 durante
1383 907 1447 971 im·

169 1029 174 1037 ·
262 1009 447 1096 pediuento
469 1009 704 1095 navigationis,
726 1009 888 1074 curiosius
909 1011 1138 1095 perquirebant
1158 1020 1193 1075 et
1223 1013 1446 1092 minabuntur,

262 1114 348 1198 quod
377 1112 462 1198 opud
483 1131 709 1199 qnemounque
729 1114 772 1179 (ie
798 1117 861 1179 hoo
882 1132 968 1199 nque
993 1126 1155 1200 repertum
1177 1117 1303 1200 inerit,
1336 1119 1446 1200 ipsum

262 1237 338 1286 oum
358 1219 428 1283 suis
449 1219 548 1282 rebus
568 1221 601 1283 in
620 1239 710 1284 mure
732 1221 860 1284 mittere
879 1219 1015 1284 velient
1148 1273 1150 1278 ,

299 1383 301 1388 .
343 1327 382 1390 Ιιι
403 1342 476 1387 meo
499 1325 603 1408 prime
622 1325 882 1410 peregrinatione
901 1325 1117 1390 sustinuimus
1147 1325 1255 1390 multe
1285 1335 1322 1389 et
1341 1343 1444 1408 saepe

260 1429 473 1515 ignominiose
494 1431 619 1494 visitati
641 1431 760 1496 linimus
780 1449 839 1514 per
853 1431 1042 1495 morinnrios
1056 1439 1187 1514 propter
1200 1449 1330 1515 equom
1345 1429 1443 1493 ilium.

206 1616 213 1630 .
261 1534 348 1614 Quiri
370 1551 448 1618 ergo
478 1536 627 1599 veritatis
658 1535 791 1618 hebeni,
825 1552 890 1598 non
916 1535 1076 1599 immerito
1103 1537 1195 1600 venit
1223 1537 1262 1598 in
1296 1535 1444 1615 dublum,

260 1650 368 1704 utrum
408 1655 494 1722 equo
524 1639 679 1704 iordanis
711 1651 880 1706 reservato
913 1643 946 1705 in
977 1641 1131 1721 vosonlo,
1167 1648 1201 1702 et
1231 1640 1335 1702 illoto
1367 1641 1444 1702 nori

262 1744 441 1809 moritimne
474 1744 584 1808 valido
610 1747 653 1810 sit
682 1746 785 1830 ipsum
820 1747 1060 1829 nuvigotiouem
1087 1743 1247 1827 impedire
1271 1754 1313 1808 'et
1342 1744 1443 1810 moris

259 1849 514 1934 inquietudinem
542 1850 721 1933 eouoitore,
756 1851 811 1913 vei
846 1859 966 1914 ventos
1003 1850 1167 1914 nennius
1198 1869 1218 1913 e
1255 1868 1323 1913 suo
1363 1850 1442 1911 iiotn

261 1955 430 2037 nobiliore,
452 1954 505 2018 vei
527 1954 668 2038 aliquem
697 1956 953 2018 immutationem
974 1956 1061 2018 seris
1081 1965 1138 2019 out
1160 1957 1264 2018 mods
1288 1971 1441 2034 oensore,

259 2061 345 2124 siout
365 2059 530 2142 inenlpnnt
551 2078 622 2124 eom
643 2068 788 2124 reotores
804 2057 961 2124 noviomi
981 2059 1045 2123 Pro
1065 2077 1129 2143 qno
1143 2057 1330 2142 soiendum,
1352 2056 1440 2142 quod

180 2236 184 2242 ,
262 2166 373 2231 rudivi
404 2185 424 2229 ι
456 2165 602 2229 veridioo
633 2173 666 2228 et
689 2164 786 2228 ‹looto
827 2167 915 2247 viro,
948 2165 1004 2248 qui
1036 2163 1118 2228 vidit
1147 2163 1277 2257 ilqmee
1312 2163 1438 2226 bullum
1505 2183 1507 2188 ·

259 2265 368 2355 Pipae
388 2270 449 2334 sub
470 2268 618 2353 plumbo,
640 2271 674 2333 in
696 2287 760 2353 que
775 2271 836 2333 sub
858 2269 1063 2348 onotbemnte
1089 2269 1179 2352 Pop·
1205 2269 1377 2352 prohibet,
1398 2285 1439 2329 ne

260 2379 339 2459 quis
360 2377 401 2440 de
422 2393 507 2459 oque
530 2373 685 2438 Jordnnis
705 2373 747 2436 eri
766 2383 876 2457 portes
899 2377 1130 2438 transmarinos
1152 2381 1269 2457 portet.
1313 2374 1438 2436 Dionnt

260 2482 374 2563 etism,
394 2479 480 2562 quod
502 2478 621 2542 domini
639 2480 759 2542 Veneti
780 2480 919 2542 boboam
941 2481 1196 2562 prohibitionem,
1224 2498 1268 2541 ne
1290 2480 1435 2561 aliquem

263 2583 475 2663 transducunt
493 2581 534 2646 ad
555 2590 695 2646 nostrum
716 2590 841 2665 portem
864 2584 961 2646 meris
987 2602 1061 2647 oum
1083 2603 1167 2669 sque
1188 2584 1380 2666 praediolo,
1404 2588 1437 2645 el

108 2686 120 2705 ⁴
261 2689 349 2774 quod
379 2688 566 2770 frequenter
596 2687 767 2750 venientes
794 2688 930 2751 visitent
961 2688 995 2750 in
1028 2691 1166 2752 novibus
1206 2696 1241 2751 et
1269 2696 1435 2772 repertum

261 2812 378 2878 oqnom
414 2792 588 2856 effundunt.
631 2791 670 2855 Si
701 2794 776 2875 qnls
812 2811 890 2876 ergo
922 2793 1031 2855 dioere
1060 2792 1146 2876 vuit,
1181 2795 1267 2877 qnod
1300 2803 1435 2879 propter

261 2919 417 2965 oensnros
448 2899 558 2982 Popee
585 2899 642 2961 fist
672 2887 838 2980 impeditio
869 2898 1106 2982 novigetionis,
1138 2897 1194 2962 ille
1214 2920 1279 2963 non
1301 2916 1433 2984 equom,

141 3008 172 3101 J
260 3006 322 3070 sei
344 3023 502 3069 oensem
521 3003 678 3086 impedire
699 3002 938 3085 navigationem
963 3004 1124 3087 [usseritJ.
1154 3007 1249 3069 Etsi
1270 3022 1434 3070 oensurre

260 3108 372 3191 Pepee
393 3110 633 3191 navigationem
655 3107 846 3191 impediunt,
869 3108 1061 3171 mirnonlose
1085 3109 1120 3172 flt
1142 3120 1274 3194 propter
1295 3129 1433 3176 exeom-

261 3215 451 3294 rnuniootos,
474 3193 592 3275 ot'non
610 3220 741 3294 propter
758 3230 885 3295 equom,
906 3217 992 3277 siout
1012 3229 1113 3297 stepo
1131 3214 1271 3298 legimns
1293 3191 1431 3282 orreoru-

261 3319 442 3381 urnnioetos
468 3317 612 3398 pluribus
633 3316 816 3379 infortuniis
838 3319 1021 3401 expositos,
1050 3326 1086 3380 nt
1106 3319 1192 3403 quod
1216 3321 1330 3385 lelium
1353 3338 1431 3385 oor-

261 3441 341 3506 poro
361 3419 489 3504 sepulto
508 3429 602 3484 extre
634 3420 806 3484 ecelesiam
828 3431 905 3484 sunt
937 3431 1035 3485 noete
1062 3423 1208 3506 projeoto
1249 3434 1282 3488 et
1313 3425 1429 3490 bestiis

262 3525 449 3590 devorando
487 3525 612 3590 tradite.
662 3525 721 3589 Sio
760 3526 856 3590 etiem
882 3529 1039 3611 prophete
1077 3528 1182 3592 Jouns
1226 3531 1427 3595 inobediens.

198 3614 205 3633 '
261 3631 453 3715 rumpentes
495 3630 558 3693 fun
590 3629 697 3695 vuido
727 3632 886 3716 exciso,
915 3643 948 3696 o
966 3651 1007 3696 ω
1028 3633 1132 3716 ejeoto
1167 3637 1312 3698 eessovn
1344 3645 1430 3700 tem-

262 3745 394 3822 pestas,
428 3747 466 3802 ut
489 3735 626 3799 hebetur
652 3739 756 3802 Jonue
782 3738 895 3819 primo.
946 3739 1021 3802 iioo
1049 3745 1158 3802 tumen
1186 3758 1250 3804 non
1281 3743 1430 3806 omuibus

139 3909 149 3929 .
261 3841 545 3906 exeommuuierlis
580 3840 760 3926 eontingit,
798 3842 858 3905 sed
893 3842 959 3908 illis
1010 3843 1186 3926 dunturet,
1224 3864 1307 3930 quos
1335 3848 1428 3910 Deus

261 3941 414 4006 mimouio
441 3942 578 4025 prodere
612 3943 697 4012 vult.
748 3944 843 4024 Quod
872 3965 936 4011 uon
967 3949 1115 4014 omnibus
1142 3951 1318 4036 contingit,
1339 3957 1428 4035 petet

262 4043 303 4109 de
334 4045 399 4110 illis
431 4050 630 4134 peregrinis,
671 4052 727 4134 qni
762 4051 835 4114 sine
863 4051 994 4115 lieentia
1031 4052 1142 4138 i’npre
1173 4071 1277 4121 neves
1309 4072 1428 4120 aseen-

259 4148 354 4232 dunt,
386 4159 418 4214 ei
451 4152 485 4215 in
512 4155 845 4218 exeommuniootione
876 4173 980 4239 nsque
1011 4158 1044 4220 iu
1073 4158 1258 4223 Jerusalem
1288 4157 1426 4240 pooiiiee

259 4259 404 4320 minut
448 4257 500 4320 iix
525 4257 578 4321 his
605 4275 691 4322 nono
712 4257 841 4320 dubium
864 4277 983 4324 novum
1014 4263 1132 4328 oritur:
1160 4281 1219 4327 our
1238 4261 1329 4344 Pepo
1349 4276 1426 4343 pro-

256 4358 368 4426 hibent
387 4361 654 4446 eqnoeJordenis
674 4361 970 4429 transductionemi
993 4366 1130 4434 Videtur
1143 4366 1325 4449 dioendum,
1342 4359 1425 4449 quoti
