3202 5218
855 298 919 364 tu

303 483 388 548 siout
425 488 567 546 montem
595 477 728 563 calpis,
752 477 879 564 dequo
904 497 1006 562 supra
1032 479 1086 544 fol.
1108 479 1168 549 ss.
1198 480 1254 562 b,
1274 486 1312 540 et
1343 475 1473 539 deseen-

303 605 375 651 sum
394 585 569 666 Roohaim,
590 582 632 645 de
652 601 715 666 quo
736 580 793 646 tot.
815 586 859 648 28
887 585 917 646 b.
941 584 1061 647 dietum
1090 589 1167 665 est3
1213 590 1358 645 montem
1387 581 1472 641 etism

305 699 451 755 sanetum
475 688 561 751 0reb
595 687 716 771 Synai,
740 689 800 750 snb
831 687 924 751 nobis
946 688 1043 771 longe
1066 688 1152 751 alios
1174 694 1310 749 montes
1338 700 1394 765 per
1412 681 1474 762 ejus

304 796 473 859 oirouitnm
496 800 756 873 excrescentem,
777 791 837 854 sed
859 792 953 855 nobis
975 791 1075 855 multo
1095 791 1312 872 inferiorem,
1333 804 1395 849 nee
1414 792 1474 847 erat

305 897 424 984 aliquis
447 915 538 961 mons
559 895 778 977 intermedius,
801 903 964 958 ettamen
991 904 1080 958 tanta
1107 894 1272 959 distantia
1302 892 1379 973 init,
1399 886 1475 972 quod

305 1009 445 1064 montem
477 1001 660 1084 quidemst
688 999 761 1082 ejus
788 1000 944 1062 verticem
970 999 1130 1081 vidimus,
1169 997 1235 1062 sed
1271 995 1427 1079 capellam
1446 994 1476 1053 tn

305 1113 414 1168 moute
435 1106 564 1187 penitus
585 1103 697 1167 videre
720 1122 784 1168 uon
805 1112 1000 1186 poteramus.
1034 1102 1159 1165 Omnes
1183 1110 1320 1164 montes
1341 1119 1399 1182 per
1418 1099 1477 1159 oir-

305 1209 425 1299 ooitum
447 1208 598 1272 videntur
619 1225 694 1270 esse
716 1207 816 1270 eolles
846 1216 994 1290 respecto
1025 1207 1144 1270 montis
1168 1205 1207 1269 S.
1229 1202 1456 1267 Catbarinae.'

387 1313 468 1374 Post
486 1321 642 1374 terrarum
659 1311 954 1396 eirounrjaoentiurn
975 1311 1017 1373 de
1031 1311 1129 1393 longe
1146 1318 1181 1372 et
1206 1308 1252 1372 de
1270 1325 1374 1391 prope
1391 1307 1478 1386 [oon-

306 1387 561 1496 temptatduem]
584 1413 792 1476 oonsedimus
813 1425 848 1477 et
869 1416 910 1479 de
941 1415 1083 1479 saoouiis
1113 1413 1245 1478 nostris
1275 1409 1477 1494 produximus

305 1519 397 1579 oibos
418 1523 451 1579 et
484 1518 688 1581 collationem
718 1517 890 1600 jocundam
925 1519 1063 1584 ieeimus
1084 1517 1125 1581 ad
1148 1519 1246 1581 totus
1265 1513 1406 1598 augeliei
1427 1524 1478 1572 se-

305 1620 430 1704 pulchri
452 1619 487 1685 S.
509 1621 716 1684 Catharinae.

307 1853 522 1929 Descensus
545 1831 818 1955 peregrinorum
842 1877 866 1928 e
889 1812 1012 1928 monte
1037 1849 1154 1952 Synai
1186 1849 1232 1928 S.
1262 1841 1476 1927 catharinae

811 1996 973 2072 virginis.

389 2152 509 2217 Finitis
529 2157 692 2240 omnibus,
714 2155 853 2240 quaein
874 2161 1116 2217 montesancto
1137 2162 1232 2216 erant
1255 2146 1406 2234 agenda,
1428 2141 1472 2202 ¹⁰·

304 2273 378 2324 oum
401 2267 548 2321 artetum
570 2259 748 2322 deoseulati
769 2275 883 2321 sununs
904 2266 938 2319 et
956 2275 1027 2320 oum
1048 2259 1173 2340 ingenti
1193 2259 1324 2322 laetitia
1343 2249 1473 2312 desoau·

305 2357 428 2441 dimus,
451 2380 515 2424 non
537 2362 660 2444 eundo,
682 2363 741 2425 sed
763 2361 922 2425 currendo
942 2371 975 2450 et
994 2361 1140 2425 osdendo
1161 2361 1331 2441 deorsum,
1354 2371 1410 2437 pto
1428 2365 1471 2423 0⁰2

305 2462 391 2546 quod
413 2464 629 2546 inciperemus
646 2466 714 2548 jam
738 2471 931 2549 repatriare,
965 2467 1115 2548 quamvis
1137 2464 1246 2528 adhue
1268 2464 1371 2527 cbaos
1392 2455 1491 2516 0⁸⁸0i=
1525 2513 1528 2523 .

305 2568 467 2630 internos
488 2577 521 2630 et
542 2571 676 2651 patriam
698 2580 840 2634 nostram
858 2589 1027 2653 magnum,
1049 2589 1113 2632 non
1136 2575 1247 2631 tamen
1268 2567 1352 2630 adeo
1373 2559 1474 2623 iitmt·

241 2679 245 2686 ’
304 2679 392 2755 tom,
412 2681 448 2736 nt
468 2665 518 2756 hi,
541 2675 597 2758 qui
618 2675 730 2738 volunt
752 2676 830 2738 hino
850 2676 989 2736 transire
1009 2672 1050 2736 ad
1073 2691 1154 2754 eum,
1177 2691 1246 2735 non
1270 2670 1406 2755 possint,
1424 2662 1473 2720 aui

290 2777 382 2850 inde
403 2777 468 2840 huo
487 2787 693 2841 transmeare.
736 2779 772 2839 iu
794 2786 909 2840 vertite
931 2787 1035 2840 antem
1064 2778 1180 2839 montis
1202 2777 1247 2839 ad
1270 2776 1392 2838 fontem
1416 2779 1470 2825 v0·

309 2884 431 2962 nimus,
453 2901 548 2965 quem
576 2885 739 2946 nominent
764 2883 881 2945 iontem
905 2883 940 2944 S.
969 2881 1182 2961 catharinae,
1203 2887 1239 2941 et
1267 2879 1314 2945 ibi
1344 2872 1471 2936 bibimus

306 2994 340 3048 et
371 2991 626 3068 repausavimns.
668 2986 813 3050 Ulterius
846 2986 963 3050 deinde
989 2987 1155 3069 progressi
1176 2965 1231 3045 v‘ei
1264 2975 1406 3068 prolapsi
1434 2963 1469 3028 id

303 3107 455 3171 magnum
474 3094 612 3172 spatium
634 3091 674 3154 ad
698 3092 794 3153 alium
816 3086 935 3149 fontem
958 3091 1126 3168 venimus,
1155 3089 1210 3150 ubi
1241 3083 1393 3170 virgulas
1415 3091 1469 3134 ex·

301 3190 457 3274 oidimus,
481 3212 563 3275 quas
585 3195 694 3258 dieunt
717 3172 793 3256 esse
815 3191 959 3273 ejusdem
985 3193 1120 3274 speciei,
1142 3191 1235 3274 eujus
1271 3196 1343 3254 erat
1366 3183 1467 3248 rubus,

302 3297 336 3356 in
358 3314 422 3377 quo
443 3296 534 3359 Deus
556 3298 701 3379 apparuit
723 3297 849 3378 Moysi,
874 3312 956 3378 quas
978 3299 1075 3358 etiam
1097 3296 1208 3358 valere
1231 3294 1300 3376 (st
1313 3298 1359 3369 a)
1380 3297 1467 3349 ⁸⁸⁸⁰·

302 3408 375 3461 runt
397 3408 430 3461 et
451 3399 607 3480 prodesse
625 3399 723 3462 vaide
745 3400 885 3462 morbum
908 3391 1104 3480 patientibus
1124 3398 1294 3482 oaduoum,
1316 3396 1389 3459 dnm
1416 3397 1466 3446 et!

301 3519 413 3564 seeum
440 3500 571 3564 doeuut.
614 3501 651 3564 Si
671 3521 784 3566 verum
806 3504 867 3584 sit,
884 3500 1009 3583 judicet
1036 3503 1187 3584 prudens.
1230 3503 1285 3566 Ab
1307 3504 1370 3566 hou
1386 3494 1466 3555 tonte

300 3615 537 3691 cousequenter
564 3605 791 3670 descendimus
822 3615 854 3669 et
886 3607 920 3670 iu
949 3615 1110 3669 eareotnm
1138 3608 1288 3670 venimus
1319 3614 1351 3666 et
1380 3600 1411 3660 itt
1431 3604 1466 3651 ⁰⁰

301 3712 416 3794 virgas
439 3709 554 3795 longos
584 3711 779 3794 exoidimos,
806 3729 889 3795 quas
918 3711 1031 3774 dieunt
1059 3725 1135 3772 esse
1156 3710 1198 3774 de
1229 3711 1341 3794 speeie
1362 3703 1466 3779 virgt⁰

299 3814 444 3899 Moysis,
462 3833 535 3879 oum
556 3834 620 3900 qna
638 3826 685 3879 tot
708 3816 864 3879 miracuta
884 3823 1034 3898 operatus
1057 3824 1119 3897 est,
1141 3833 1237 3899 qnam
1259 3817 1356 3877 etiam
1377 3815 1465 3883 1⁰9⁰·

299 3919 366 3980 suit
386 3920 421 3982 in
441 3937 550 3984 aream
572 3921 767 3999 testamenti,
789 3917 831 3980 de
851 3936 918 4001 qua
936 3918 1075 3982 habetur
1092 3919 1198 3982 Exodi
1219 3920 1279 3987 iv.
1301 3927 1338 3980 et
1357 3909 1412 3976 xl.
1436 3905 1466 3962 ⁰²

302 4021 393 4085 XIV.
416 4031 451 4086 at
480 4025 514 4086 in
544 4024 653 4118 moltis
680 4023 770 4086 ¹loeis
793 4021 980 4103 Scriptorae
1011 4039 1135 4086 morae.
1180 4021 1320 4101 Quidam
1351 4009 1464 4082 dieoub

303 4125 389 4210 qood
410 4127 524 4190 mulier
545 4128 579 4188 in
595 4135 691 4209 partu
714 4127 887 4206 loborans,
918 4127 947 4187 si
970 4144 1065 4190 onam
1096 4127 1222 4199 illarrnn
1244 4128 1405 4208 virgarum
1434 4107 1464 4171 1¹¹

299 4239 542 4312 manuteneat,
571 4249 636 4294 non
666 4231 786 4313 patitur
813 4226 1089 4312 periclitationem.
1133 4233 1222 4295 Istae
1254 4237 1362 4294 tamen
1395 4216 1465 4280 snut

302 4334 516 4399 ”somarium
538 4335 756 4416 narrationes,
778 4317 954 4417 dequibus
975 4351 1086 4418 parum
1109 4351 1197 4399 euro.
1237 4324 1464 4398 Postmodum
