3202 5218
315 449 474 517 mirabilia
495 467 572 533 sua,
604 451 777 532 potentiam
811 469 902 515 snam
933 449 1120 515 ostenderet
1150 459 1189 514 et
1213 447 1377 516 inimieos
1401 447 1496 530 populi

314 554 378 617 Dei
399 555 622 638 submergeret
642 552 711 630 (rt
727 561 782 632 a).
827 555 992 619 Stantem
1017 555 1176 619 Dominus
1210 555 1334 618 statim
1358 550 1498 635 populum

315 660 418 727 lsrael
441 659 482 722 ad
504 670 620 722 terram
640 669 787 724 sanetum
806 659 926 724 dooere
947 660 1126 742 voluisset,
1155 670 1243 724 tune
1267 658 1338 722 alia
1360 659 1433 741 via,
1453 677 1500 740 per

315 763 454 828 medinm
477 765 616 847 spatium
640 764 809 848 utriusque
832 767 928 828 maris
950 765 1161 848 propinquior
1182 765 1316 828 suisset
1340 764 1376 826 iu
1396 761 1500 824 Palae·

314 869 451 951 stiuam,
470 866 529 930 sed
550 868 613 931 lnoe
631 868 790 932 Dominus
819 869 931 933 noluit.
976 867 1088 932 Causa
1108 869 1256 932 habetur
1280 866 1396 931 Exodi
1418 865 1498 928 xlv.
1548 863 1550 868 ’

314 979 350 1035 et
370 990 470 1055 snpra
491 972 560 1034 Fol.
583 971 635 1034 26.
658 981 691 1036 et
717 974 761 1036 ibi
785 972 862 1036 vide
882 973 988 1038 Nioel.
1025 973 1146 1056 Lyram
1174 985 1210 1037 et
1251 971 1501 1056 magistrumn

314 1075 457 1160 Speculo
479 1076 647 1140 historiali.

396 1181 498 1243 Porro
521 1181 553 1243 in
575 1181 645 1245 loeo
675 1191 708 1245 et
728 1184 760 1245 in
791 1184 969 1265 montanis,
1004 1180 1057 1244 ubi
1088 1181 1198 1244 linitur
1230 1199 1334 1244 mare
1370 1180 1502 1258 rubrum,
1569 1237 1570 1248 ff

310 1282 453 1366 vidimus
474 1287 635 1369 stupenda
654 1305 752 1370 opera
763 1290 966 1369 antiquorum
990 1304 1102 1368 regum
1115 1286 1292 1370 Aegypti,
1317 1287 1379 1370 qui
1403 1281 1502 1345 eonati

312 1399 389 1452 sunt
422 1407 510 1453 mere
543 1392 670 1454 rubrum
702 1390 863 1455 dedueere
882 1392 884 1397 ’
901 1409 1005 1475 usqne
1048 1390 1081 1451 in
1114 1387 1250 1470 Nilum,
1303 1394 1502 1474 quapropter

313 1502 440 1556 meritos
462 1494 573 1578 Euripi
606 1494 637 1556 in
661 1496 767 1576 eapite
789 1496 887 1558 maris
921 1496 1108 1575 inceperant
1139 1493 1326 1575 perfodere
1350 1501 1386 1555 et
1408 1489 1502 1554 eolles

312 1594 468 1676 dividere,
491 1614 599 1678 rupes,
622 1615 704 1660 saxa
723 1606 754 1660 et
775 1607 885 1680 petras
906 1617 965 1681 per
986 1595 1125 1660 medium
1148 1597 1326 1679 scindere,
1355 1604 1392 1657 et
1415 1595 1499 1692 leop-

310 1708 385 1761 runt
405 1699 519 1761 uenale
540 1707 573 1760 et
585 1700 713 1763 alveum
734 1703 767 1764 in
790 1704 925 1766 eivitate
941 1701 1091 1783 Arsinoe,
1112 1720 1197 1784 quae
1219 1712 1256 1764 et
1278 1695 1500 1782 Cleopatridis

311 1801 436 1866 dieitur.
469 1803 565 1867 Hane
586 1823 665 1869 vero
687 1803 809 1869 lessam
831 1808 965 1888 primum
980 1806 1141 1869 Sesostris
1163 1825 1219 1868 rex
1245 1804 1412 1889 Aegypti
1431 1807 1501 1864 anta

312 1921 367 1969 res
388 1904 544 1990 'lrojonss
566 1929 663 1992 opere
684 1919 854 1975 sumtuose
886 1897 1018 1992 indidit,
1052 1928 1149 1992 quam
1180 1920 1257 1993 post
1293 1909 1426 1972 Darius
1447 1921 1499 1966 rex

311 2007 485 2076 Persarum
506 2032 686 2097 aggressus
712 2016 935 2099 imperfectam
970 2014 1117 2097 reliquit,
1149 2023 1222 2096 post
1254 2031 1364 2100 quem
1389 2008 1497 2072 Ptolo·

310 2131 424 2178 maens
456 2118 621 2182 secundus
650 2137 776 2184 summa
809 2129 878 2183 arte
911 2119 1046 2202 perierit
1078 2135 1178 2202 opus,
1212 2119 1261 2180 ita
1299 2127 1437 2195 tamen,
1465 2117 1495 2170 ul
1571 2127 1572 2138 ¹

311 2219 483 2301 praeclusa
504 2231 594 2285 esset
628 2223 717 2285 iesse
739 2233 770 2285 et
802 2225 951 2288 nonnisi
982 2223 1044 2285 sibi
1077 2223 1293 2306 aperiebatur.
1344 2217 1494 2282 Perire
1571 2225 1572 2282 l

310 2331 421 2387 antem
442 2325 648 2389 intendebant
671 2327 794 2411 antiqui
810 2329 856 2391 illi
874 2327 1026 2412 eopulsre
1044 2327 1198 2389 orientem
1217 2335 1250 2390 et
1272 2325 1492 2396 occidentem,

195 2435 197 2440 ’
311 2427 387 2509 quia
418 2425 515 2491 Nilus
547 2431 674 2512 profluit
695 2431 729 2493 in
759 2451 846 2495 mare
879 2432 1163 2515 mediterraneum,
1198 2435 1232 2494 iu
1266 2431 1381 2517 quod,
1419 2425 1489 2488 dnm

310 2547 400 2592 mare
421 2531 550 2594 rubrum
573 2533 815 2620 ingrederetur,
839 2557 897 2620 per
915 2557 987 2599 eum
1010 2538 1142 2598 fluvium
1165 2547 1276 2619 posset
1299 2535 1377 2600 lieri
1400 2527 1490 2594 navi·

310 2634 400 2717 gatio
431 2641 553 2702 amari
583 2639 816 2703 mediterraneo
837 2652 867 2704 et
891 2641 1083 2704 ooeidentali
1115 2660 1237 2705 oceano
1260 2642 1294 2704 in
1321 2656 1415 2704 msre
1437 2649 1489 2696 nt·

308 2737 419 2821 irum,
447 2742 481 2802 in
503 2743 609 2806 sinum
632 2745 794 2808 arabicum
828 2755 859 2808 et
881 2747 1042 2829 persicum
1083 2754 1116 2808 et
1147 2747 1354 2810 barbaricum
1387 2751 1488 2820 usque

308 2841 342 2904 in
365 2843 506 2910 ludieum
529 2868 618 2911 mare
644 2849 862 2934 inorientem3
886 2860 918 2912 et
939 2852 985 2912 ito
998 2868 1101 2912 naves
1123 2849 1164 2912 ule
1179 2850 1281 2930 ludia,
1303 2851 1350 2914 de
1365 2841 1484 2918 Persia,

308 2944 352 3008 de
373 2949 512 3035 Arabia,
534 2952 575 3016 de
593 2954 703 3018 Medio
724 2964 756 3018 et
779 2955 821 3018 de
840 2955 1004 3016 universis
1036 2957 1146 3038 regnis
1179 2957 1313 3018 orientis
1351 2951 1484 3036 possem

308 3049 409 3116 libere
430 3058 542 3120 venire
569 3059 602 3121 in
636 3058 825 3143 Graeciam,
856 3059 997 3141 ltaliam,
1028 3061 1062 3122 in
1083 3060 1271 3142 liraueism,
1305 3061 1342 3121 in
1363 3052 1482 3118 Hiber·

305 3154 403 3238 mam,
424 3156 577 3241 Angliem
599 3170 634 3225 et
654 3165 688 3225 in
702 3162 927 3246 Germaniam,
950 3181 1022 3226 eum
1045 3165 1127 3228 alias
1150 3183 1253 3234 naves
1274 3157 1480 3226 onerantium

305 3260 473 3338 regionum
496 3282 559 3326 non
582 3266 731 3349 amplius,
754 3286 850 3350 quam
872 3285 977 3351 usque
1002 3268 1044 3330 ad
1066 3270 1235 3332 terminum
1260 3270 1360 3331 maris
1384 3258 1478 3334 rubri

303 3361 359 3420 nbi
378 3361 502 3429 Arabis
522 3364 652 3430 deserta
672 3377 706 3430 et
724 3368 899 3452 Aegyptus
917 3389 956 3434 se
977 3375 1177 3456 contingunt,
1200 3374 1379 3458 prooedere
1401 3381 1477 3451 12⁰⁸·

307 3473 403 3548 snut,
425 3485 487 3530 nso
509 3487 612 3533 naves
645 3471 893 3535 ooeidentnlium
917 3475 1085 3557 regionum
1107 3481 1219 3542 verrire
1240 3479 1323 3543 ultra
1344 3472 1479 3563 possutl

306 3583 403 3650 qnam
434 3571 468 3634 in
499 3573 746 3659 Alexandriam,
776 3594 860 3660 quae
892 3587 944 3640 est
971 3581 1128 3645 terminus
1156 3583 1287 3648 Alrioae
1309 3593 1343 3646 et
1365 3579 1473 3650 Asiati
1571 3547 1573 3668 1

304 3677 454 3758 quemvis
476 3697 534 3744 rex
555 3681 684 3764 quidam
697 3681 1023 3765 Hispaniaeeonatus
1042 3687 1086 3749 sit
1108 3704 1190 3749 nevo
1210 3700 1320 3752 nostro
1342 3677 1475 3770 perqui-

249 3771 251 3776 ’
306 3797 378 3842 rere
403 3784 475 3845 vias
503 3783 697 3848 deveniendi
725 3790 765 3849 alt
792 3807 914 3853 oceano
941 3789 1147 3873 occidentali,
1178 3789 1219 3852 de
1244 3792 1324 3854 mari
1347 3787 1472 3853 scilieet
1571 3781 1573 3838 l

305 3886 465 3959 exteriori.
487 3888 573 3969 qnod
596 3899 647 3953 est
668 3890 752 3954 ultra
777 3893 892 3957 fretum
916 3894 1122 3977 Herculeum,
1141 3895 1174 3957 iu
1196 3913 1350 3958 oeeannm
1366 3893 1471 3957 onen-

301 3985 397 4048 tslem
422 3997 457 4051 et
477 3990 510 4051 in
532 4009 621 4055 mare
638 3992 790 4077 indieum,
812 3997 872 4059 sed
893 3998 926 4059 in
939 4017 1057 4062 vanum
1081 4008 1218 4063 conatus
1236 4008 1296 4082 est,
1313 3995 1469 4082 reperisse
1571 3975 1573 4048 l

306 4101 412 4154 tamen
443 4091 558 4156 dieitur
582 4096 737 4177 quasdam
768 4103 857 4182 prins
881 4102 1063 4183 incognitas
1083 4102 1206 4166 insulas
1224 4103 1391 4186 pretiosos.
1434 4095 1469 4156 1¹1

299 4193 362 4258 hoe
384 4204 506 4280 eutem,
530 4198 616 4283 qnod
638 4200 817 4266 Ptolomaei
838 4204 983 4287 Aegypti
1005 4223 1101 4289 reges
1123 4207 1345 4293 eorrglutinare
1370 4216 1466 4268 eona·

300 4301 418 4364 barrtnr
439 4305 593 4367 orientem
617 4314 649 4367 et
672 4305 887 4391 occidentem,
919 4308 982 4374 duo
1004 4309 1231 4392 intendebant,
1260 4312 1410 4394 primum,
1432 4311 1465 4366 ut
1570 4327 1573 4496 ι

1571 4763 1573 4804 l
