3232 5218
774 351 840 420 219

225 555 301 622 pers
323 533 497 600 testudinis
519 535 744 602 minatoria
768 555 892 604 nurum
914 536 1045 622 templi,
1068 535 1123 602 vel
1144 551 1241 619 super
1268 537 1396 600 colum·

225 659 304 724 uas,
336 640 517 725 dequibus
544 643 712 726 consurgit
732 644 842 726 templi
863 642 1008 708 altitudo.
1051 643 1106 706 Ab·
1126 643 1215 706 intus
1235 644 1322 708 enim
1344 651 1396 712 est

225 745 368 819 circulus
390 746 609 811 columnarum
630 767 900 833 marmorearum,
931 767 1029 832 supra
1055 765 1190 832 quarum
1211 749 1319 830 capita
1340 765 1394 813 re,-

226 861 403 917 curvantur
421 869 518 916 arcus
539 873 753 942 pergyrum,
772 865 806 917 et
825 856 866 919 de
886 857 1027 919 arcubus
1046 863 1098 917 est
1119 870 1229 916 murus
1249 872 1308 936 per
1328 852 1394 916 cir-

226 961 346 1022 cuitum
387 955 429 1019 iu¹
452 960 553 1022 altum
580 967 729 1044 erectns3
762 979 873 1024 murus
906 970 1014 1025 sutem
1045 960 1205 1043 exterior,
1228 956 1394 1022 columnas

161 1087 168 1098 ·
227 1065 373 1149 cingens,
397 1065 494 1128 babet
514 1067 717 1129 altitudinum
731 1067 960 1152 columnarum,
984 1085 1092 1150 aquo,
1114 1075 1150 1128 ut
1164 1062 1240 1146 dixi,
1260 1061 1394 1126 testudo

227 1181 415 1234 recurvatur
435 1190 534 1255 super
554 1171 730 1235 columnas.
779 1175 817 1236 ln
844 1193 934 1237 muro
966 1172 1117 1236 exteriori
1148 1189 1207 1254 per
1226 1168 1393 1236 circuitum

226 1285 302 1338 suut
324 1278 487 1339 fenestrae
508 1293 654 1358 magnae,
676 1278 845 1363 oblongae,
865 1281 1001 1360 vitreae,
1022 1280 1108 1340 siout
1128 1277 1162 1339 iu
1182 1273 1341 1356 ecelesiis,
1361 1281 1394 1338 et

226 1382 367 1464 spatium
388 1383 472 1444 inter
494 1383 671 1444 fenestram
694 1390 729 1446 et
751 1384 928 1448 fenestram
950 1392 1001 1448 est
1027 1390 1170 1466 tautum,
1203 1388 1322 1464 quanta
1342 1386 1394 1442 est

226 1486 383 1570 fenestra,
405 1486 492 1571 quod
513 1487 651 1568 spatium
674 1495 725 1548 est
746 1487 788 1550 de
808 1508 906 1573 opere
925 1489 1070 1552 musaico
1093 1488 1134 1551 ab
1156 1495 1249 1550 extra
1269 1483 1393 1567 pretio·¹

227 1594 358 1656 sissimo
380 1592 559 1676 depictum,
581 1593 627 1654 ita
650 1587 736 1673 quod
757 1609 894 1677 campus
913 1596 1061 1678 picturae
1079 1592 1191 1656 rutilat
1212 1610 1301 1672 auro,
1320 1592 1394 1671 lpse

227 1706 334 1761 antem
359 1699 484 1780 pictura
516 1705 593 1759 sunt
621 1696 744 1759 formae
775 1699 939 1782 arborum,
971 1700 1146 1782 palmarum
1171 1705 1204 1760 et
1225 1696 1392 1782 olivarnm,

229 1809 264 1864 et
285 1805 409 1885 figurae
431 1801 707 1869 cherubinorumt
735 1821 800 1865 nou
826 1808 912 1867 enim
935 1806 1101 1886 patiuntur
1122 1802 1204 1866 alias
1235 1801 1394 1883 imagines

230 1905 284 1969 vel
305 1906 491 1990 sculpturas
513 1906 555 1971 ad
574 1925 688 1998 eornm⁴
706 1909 887 1972 muscheas.
929 1910 1012 1973 Pars
1037 1928 1116 1973 vero
1147 1907 1258 1990 templi
1281 1906 1394 1988 ¹altior,

233 2031 319 2096 quae
341 2012 563 2076 decolumuis
586 2011 625 2073 ab
649 2012 737 2074 intus
749 2014 905 2095 procedit,
925 2014 959 2076 in
981 2013 1080 2078 altum
1102 2022 1231 2076 sursum
1247 2013 1393 2094 erigitur,

228 2119 323 2202 quasi
350 2137 393 2216 ep
413 2118 470 2181 illa
490 2119 553 2180 iam
576 2117 663 2180 dicta
685 2117 750 2179 lata
771 2119 1031 2182 circumferentia
1059 2122 1233 2181 cresceret.
1285 2116 1395 2178 Habet

228 2241 327 2305 supra
348 2243 407 2306 per
426 2241 542 2306 gyrum
566 2223 741 2284 fenestram
764 2221 805 2284 ad
838 2223 1015 2286 fenestram
1036 2223 1282 2302 cohaerentem,
1311 2236 1397 2301 quae
1487 2217 1489 2236 '

188 2381 190 2386 .
229 2329 394 2392 fenestrae
430 2336 537 2390 tamen
566 2335 642 2390 suut
676 2327 860 2409 breviores,
888 2329 1056 2409 perviores
1096 2326 1313 2390 inferioribus.
1358 2326 1395 2386 lu

228 2435 411 2499 summitate
436 2434 535 2496 habet
554 2440 675 2496 tectum
696 2440 891 2494 cameratum
913 2433 1059 2516 plumbo,
1082 2432 1168 2516 quod
1190 2451 1268 2494 auro
1289 2449 1397 2515 quou-

208 2539 303 2612 ,dam
324 2539 383 2602 fuit
413 2537 597 2620 obductum,
627 2537 712 2600 sicut
743 2541 862 2621 optime
894 2539 999 2602 adbuc
1034 2546 1144 2622 potest
1164 2538 1288 2620 notari,
1310 2546 1343 2599 et
1362 2537 1397 2598 ln

230 2644 368 2709 culmine
384 2645 463 2707 tecti
485 2649 553 2705 stat
583 2642 660 2705 luua
687 2651 839 2726 cornuta,
861 2661 990 2708 sursum
1014 2663 1137 2710 coruus
1155 2645 1291 2725 habens,
1313 2644 1396 2730 sicut

229 2769 327 2834 super
341 2749 638 2814 omnesmuscbeas
660 2759 794 2830 ponunt.
839 2748 965 2812 Lunam
986 2759 1091 2813 autem
1108 2757 1232 2834 potrunt
1254 2748 1287 2809 iu
1305 2765 1398 2809 sum-

136 2879 140 2886 ·
229 2857 393 2920 mitatibus
421 2871 553 2916 suarum
586 2852 797 2915 ecclesiarum
835 2861 868 2914 et
899 2857 1122 2920 muschearum
1161 2854 1308 2934 supinam
1320 2896 1330 2933 ,
1361 2853 1396 2915 in

229 2961 358 3025 modum
379 2956 565 3039 naviculae,
584 2955 677 3039 cujas
699 2975 764 3018 uua
783 2957 863 3019 ratio
886 2965 946 3038 est,
968 2958 1044 3039 quia
1065 2957 1317 3019 Mahometistae
1338 2974 1397 3019 co·-

231 3074 351 3129 nantur
367 3063 472 3127 media
492 3061 631 3145 quadam
652 3061 708 3124 via
728 3061 890 3144 incedere,
912 3063 968 3144 ita,
990 3070 1026 3124 ut
1046 3078 1108 3122 nec
1126 3059 1314 3143 Christiani,
1336 3078 1397 3123 nec

228 3169 347 3235 Judaei
367 3169 548 3249 videantur,
581 3176 613 3230 et
643 3175 751 3230 tamen
783 3167 824 3228 ab
855 3169 1002 3249 utrisque
1032 3167 1235 3249 participent.
1277 3164 1396 3229 Judaei

229 3296 308 3361 ergo
330 3285 402 3340 eum
424 3273 503 3335 nibil
525 3273 692 3354 singulare
714 3289 913 3355 supersues
937 3289 1125 3355 synagogas
1147 3273 1313 3356 (ponant),
1336 3287 1397 3332 nec

229 3385 326 3446 etiam
347 3378 502 3461 templum
523 3376 708 3440 Salomonis
731 3377 849 3460 legitur
869 3379 903 3440 iu
925 3377 1065 3440 culmine
1087 3376 1208 3460 aliquid
1231 3377 1396 3457 babuisse,

229 3489 293 3550 nisi
324 3486 431 3567 ipsum
462 3480 619 3562 culmen,
637 3479 813 3545 Christiani
850 3501 929 3545 vero
962 3499 1093 3545 crucem
1124 3500 1197 3546 eum
1229 3481 1316 3564 gallo
1355 3497 1397 3542 ex

228 3591 431 3654 institutione
451 3587 554 3670 prima
575 3586 696 3650 habeut
724 3587 758 3648 in
787 3584 980 3650 culminibus
1009 3603 1139 3651 suarum
1172 3585 1394 3649 ecelesiarum.

229 3695 275 3759 Ut
296 3713 373 3777 ergo
395 3691 569 3755 Sarraceul
602 3692 643 3753 ab
663 3691 809 3774 utrisque
832 3691 998 3774 differant,
1021 3710 1148 3769 crucem
1175 3691 1397 3753 refutaverunt

232 3808 265 3862 et
286 3799 406 3883 gallum
435 3797 636 3859 retinuerunt
658 3797 691 3856 io
712 3795 853 3859 culmine
874 3798 946 3860 siue
967 3814 1076 3859 eruce.
1121 3796 1164 3857 tn
1192 3797 1270 3878 qula
1303 3796 1396 3858 etiam

231 3922 304 3966 cum
331 3903 417 3986 gallo
448 3901 644 3963 videbantur
676 3900 942 3982 christianizare,
981 3908 1186 3964 mutaverunt
1215 3899 1336 3983 gallum
1361 3900 1396 3961 lu

231 4008 338 4071 lunam
353 4013 520 4071 cornutam
542 4006 597 4068 vel
618 4007 785 4088 supinam:
820 4015 851 4068 et
873 4007 936 4071 hoc
957 4007 1018 4070 fuit
1040 4005 1152 4088 facile,
1185 4007 1261 4090 quia
1288 4003 1397 4088 gallus

231 4121 340 4176 erecto
374 4111 458 4176 collo
499 4121 533 4174 et
562 4111 666 4175 canda
697 4120 790 4175 stans
826 4113 968 4196 speciem
1001 4113 1098 4176 babet
1128 4113 1264 4194 supinae
1292 4109 1396 4172 lunae.

230 4216 308 4280 ldeo
331 4218 425 4279 etiam
449 4217 482 4279 iu
506 4217 656 4280 ecclesiis
677 4217 732 4279 ubi
751 4215 829 4299 galli
850 4227 943 4300 suut,
970 4216 1080 4282 dicunt
1102 4217 1166 4299 ipsi
1187 4233 1263 4279 esse
1279 4214 1397 4276 lunam.

231 4321 288 4386 Sic
308 4324 342 4383 lu
364 4323 516 4387 omuibus
539 4323 652 4386 ritibus
676 4323 821 4384 fecerunt
842 4322 996 4404 quasdam
1019 4323 1223 4401 mutationes,
1245 4328 1281 4383 ut
1301 4315 1399 4380 dille·-

107 4469 110 4474 -
231 4437 301 4490 rant
322 4445 342 4490 a
363 4427 466 4492 uobis.
511 4426 586 4491 Alia
607 4427 690 4490 ratio
711 4431 765 4488 est
796 4445 838 4489 ex
868 4435 960 4508 parte
981 4425 1197 4507 blachometi,
1225 4425 1280 4506 qul
1311 4430 1402 4520 totus·
