<?xml version="1.0" encoding="UTF-8"?>
<!DOCTYPE html PUBLIC "-//W3C//DTD XHTML 1.0 Transitional//EN"
    "http://www.w3.org/TR/xhtml1/DTD/xhtml1-transitional.dtd">
<html xmlns="http://www.w3.org/1999/xhtml" xml:lang="en" lang="en">
 <head>
  <title>
</title>
<meta http-equiv="Content-Type" content="text/html;charset=utf-8" />
  <meta name='ocr-system' content='tesseract 3.04.00' />
  <meta name='ocr-capabilities' content='ocr_page ocr_carea ocr_par ocr_line ocrx_word'/>
</head>
<body>
  <div class='ocr_page' id='page_1' title='image "./fratrisfelicisf04fabrgoog_0490.png"; bbox 0 0 3202 5218; ppageno 0'>
   <div class='ocr_carea' id='block_1_1' title="bbox 838 267 904 336">
    <p class='ocr_par' dir='ltr' id='par_1_1' title="bbox 838 267 904 336">
     <span class='ocr_line' id='line_1_1' title="bbox 838 267 904 336; baseline 0 0"><span class='ocrx_word' id='word_1_1' title='bbox 838 267 904 336; x_wconf 75' lang='lat' dir='ltr'><strong>tls</strong></span> 
     </span>
    </p>
   </div>
   <div class='ocr_carea' id='block_1_2' title="bbox 277 449 1457 1366">
    <p class='ocr_par' dir='ltr' id='par_1_2' title="bbox 277 449 1457 646">
     <span class='ocr_line' id='line_1_2' title="bbox 278 449 1457 540; baseline -0.003 -20"><span class='ocrx_word' id='word_1_2' title='bbox 278 455 500 540; x_wconf 69' lang='lat' dir='ltr'><strong>descriptione</strong></span> <span class='ocrx_word' id='word_1_3' title='bbox 520 454 614 518; x_wconf 86' lang='lat' dir='ltr'><strong>smbo</strong></span> <span class='ocrx_word' id='word_1_4' title='bbox 635 452 893 536; x_wconf 69' lang='lat' dir='ltr'><strong>manifestantur,</strong></span> <span class='ocrx_word' id='word_1_5' title='bbox 905 453 992 525; x_wconf 80' lang='lat' dir='ltr'><strong>siem</strong></span> <span class='ocrx_word' id='word_1_6' title='bbox 1012 467 1076 514; x_wconf 91' lang='lat' dir='ltr'><strong>nuo</strong></span> <span class='ocrx_word' id='word_1_7' title='bbox 1095 449 1225 512; x_wconf 88' lang='lat' dir='ltr'><strong>nomine</strong></span> <span class='ocrx_word' id='word_1_8' title='bbox 1245 451 1339 515; x_wconf 75' lang='lat' dir='ltr'><strong>ambo</strong></span> <span class='ocrx_word' id='word_1_9' title='bbox 1360 469 1457 516; x_wconf 90' lang='lat' dir='ltr'><strong>mons</strong></span> 
     </span>
     <span class='ocr_line' id='line_1_3' title="bbox 277 560 615 646; baseline -0.021 -20"><span class='ocrx_word' id='word_1_10' title='bbox 277 561 380 646; x_wconf 81' lang='lat' dir='ltr'><strong>Syriai</strong></span> <span class='ocrx_word' id='word_1_11' title='bbox 398 560 615 646; x_wconf 77' lang='lat' dir='ltr'><strong>nominantur.</strong></span> 
     </span>
    </p>

    <p class='ocr_par' dir='ltr' id='par_1_3' title="bbox 278 657 1457 1366">
     <span class='ocr_line' id='line_1_4' title="bbox 363 657 1456 748; baseline -0.003 -21"><span class='ocrx_word' id='word_1_12' title='bbox 363 667 425 730; x_wconf 84' lang='lat' dir='ltr'><strong>Est</strong></span> <span class='ocrx_word' id='word_1_13' title='bbox 447 681 526 748; x_wconf 78' lang='lat' dir='ltr'><strong>ergo</strong></span> <span class='ocrx_word' id='word_1_14' title='bbox 536 659 641 746; x_wconf 79' lang='lat' dir='ltr'><strong>Synsi</strong></span> <span class='ocrx_word' id='word_1_15' title='bbox 655 679 750 726; x_wconf 90' lang='lat' dir='ltr'><strong>mons</strong></span> <span class='ocrx_word' id='word_1_16' title='bbox 763 659 905 743; x_wconf 72' lang='lat' dir='ltr'>regionis</span> <span class='ocrx_word' id='word_1_17' title='bbox 918 658 1051 723; x_wconf 72' lang='lat' dir='ltr'><strong>Hadisn</strong></span> <span class='ocrx_word' id='word_1_18' title='bbox 1072 675 1171 740; x_wconf 90' lang='lat' dir='ltr'><strong>supra</strong></span> <span class='ocrx_word' id='word_1_19' title='bbox 1184 657 1350 744; x_wconf 83' lang='lat' dir='ltr'><strong>Arabiam,</strong></span> <span class='ocrx_word' id='word_1_20' title='bbox 1360 660 1456 743; x_wconf 83' lang='lat' dir='ltr'><strong>justa</strong></span> 
     </span>
     <span class='ocr_line' id='line_1_5' title="bbox 278 763 1456 848; baseline -0.003 -16"><span class='ocrx_word' id='word_1_21' title='bbox 278 771 387 834; x_wconf 90' lang='lat' dir='ltr'><strong>sinum</strong></span> <span class='ocrx_word' id='word_1_22' title='bbox 409 767 552 832; x_wconf 85' lang='lat' dir='ltr'><strong>Arabiae</strong></span> <span class='ocrx_word' id='word_1_23' title='bbox 567 765 749 848; x_wconf 88' lang='lat' dir='ltr'><strong>imminens,</strong></span> <span class='ocrx_word' id='word_1_24' title='bbox 770 764 852 828; x_wconf 89' lang='lat' dir='ltr'><strong>aiios</strong></span> <span class='ocrx_word' id='word_1_25' title='bbox 876 763 1043 828; x_wconf 87' lang='lat' dir='ltr'><strong>altitudine</strong></span> <span class='ocrx_word' id='word_1_26' title='bbox 1063 780 1234 845; x_wconf 86' lang='lat' dir='ltr'><strong>superaus,</strong></span> <span class='ocrx_word' id='word_1_27' title='bbox 1251 764 1345 848; x_wconf 76' lang='lat' dir='ltr'><strong>oans</strong></span> <span class='ocrx_word' id='word_1_28' title='bbox 1362 783 1456 828; x_wconf 87' lang='lat' dir='ltr'><strong>sum-</strong></span> 
     </span>
     <span class='ocr_line' id='line_1_6' title="bbox 279 865 1457 950; baseline -0.005 -13"><span class='ocrx_word' id='word_1_29' title='bbox 279 891 366 937; x_wconf 88' lang='lat' dir='ltr'><strong>mum</strong></span> <span class='ocrx_word' id='word_1_30' title='bbox 384 870 515 934; x_wconf 84' lang='lat' dir='ltr'><strong>videtur</strong></span> <span class='ocrx_word' id='word_1_31' title='bbox 534 885 609 932; x_wconf 88' lang='lat' dir='ltr'><strong>esse</strong></span> <span class='ocrx_word' id='word_1_32' title='bbox 620 868 712 932; x_wconf 91' lang='lat' dir='ltr'><strong>ooeio</strong></span> <span class='ocrx_word' id='word_1_33' title='bbox 729 869 927 950; x_wconf 77' lang='lat' dir='ltr'><strong>contiguum,</strong></span> <span class='ocrx_word' id='word_1_34' title='bbox 941 869 996 949; x_wconf 86' lang='lat' dir='ltr'><strong>qui</strong></span> <span class='ocrx_word' id='word_1_35' title='bbox 1012 865 1141 950; x_wconf 85' lang='lat' dir='ltr'><strong>quidem</strong></span> <span class='ocrx_word' id='word_1_36' title='bbox 1155 868 1457 931; x_wconf 91' lang='lat' dir='ltr'><strong>venerandissimus</strong></span> 
     </span>
     <span class='ocr_line' id='line_1_7' title="bbox 280 969 1456 1056; baseline -0.003 -18"><span class='ocrx_word' id='word_1_37' title='bbox 280 983 333 1038; x_wconf 88' lang='lat' dir='ltr'><strong>est</strong></span> <span class='ocrx_word' id='word_1_38' title='bbox 368 974 409 1038; x_wconf 98' lang='lat' dir='ltr'><strong>ob</strong></span> <span class='ocrx_word' id='word_1_39' title='bbox 442 974 587 1037; x_wconf 86' lang='lat' dir='ltr'><strong>crebram</strong></span> <span class='ocrx_word' id='word_1_40' title='bbox 619 973 687 1056; x_wconf 88' lang='lat' dir='ltr'><strong>jam</strong></span> <span class='ocrx_word' id='word_1_41' title='bbox 714 969 832 1035; x_wconf 91' lang='lat' dir='ltr'><strong>dudum</strong></span> <span class='ocrx_word' id='word_1_42' title='bbox 865 973 935 1034; x_wconf 88' lang='lat' dir='ltr'><strong>veri</strong></span> <span class='ocrx_word' id='word_1_43' title='bbox 963 971 1025 1034; x_wconf 85' lang='lat' dir='ltr'><strong>Dei</strong></span> <span class='ocrx_word' id='word_1_44' title='bbox 1058 970 1290 1053; x_wconf 72' lang='lat' dir='ltr'><strong>apparitionem</strong></span> <span class='ocrx_word' id='word_1_45' title='bbox 1320 975 1354 1033; x_wconf 91' lang='lat' dir='ltr'><strong>in</strong></span> <span class='ocrx_word' id='word_1_46' title='bbox 1388 991 1456 1035; x_wconf 92' lang='lat' dir='ltr'><strong>nuo</strong></span> 
     </span>
     <span class='ocr_line' id='line_1_8' title="bbox 280 1073 1457 1157; baseline -0.004 -15"><span class='ocrx_word' id='word_1_47' title='bbox 280 1080 407 1143; x_wconf 86' lang='lat' dir='ltr'><strong>verttee</strong></span> <span class='ocrx_word' id='word_1_48' title='bbox 451 1086 484 1140; x_wconf 91' lang='lat' dir='ltr'><strong>et</strong></span> <span class='ocrx_word' id='word_1_49' title='bbox 515 1079 556 1140; x_wconf 94' lang='lat' dir='ltr'><strong>ob</strong></span> <span class='ocrx_word' id='word_1_50' title='bbox 589 1077 809 1140; x_wconf 73' lang='lat' dir='ltr'><strong>admirabilem</strong></span> <span class='ocrx_word' id='word_1_51' title='bbox 850 1077 1058 1140; x_wconf 76' lang='lat' dir='ltr'><strong>beatissimae</strong></span> <span class='ocrx_word' id='word_1_52' title='bbox 1089 1073 1286 1138; x_wconf 84' lang='lat' dir='ltr'><strong>Cathsrinee</strong></span> <span class='ocrx_word' id='word_1_53' title='bbox 1319 1075 1457 1157; x_wconf 79' lang='lat' dir='ltr'><strong>virginis</strong></span> 
     </span>
     <span class='ocr_line' id='line_1_9' title="bbox 278 1178 1454 1264; baseline -0.005 -18"><span class='ocrx_word' id='word_1_54' title='bbox 278 1181 458 1264; x_wconf 82' lang='lat' dir='ltr'><strong>angeliesm</strong></span> <span class='ocrx_word' id='word_1_55' title='bbox 496 1180 738 1246; x_wconf 82' lang='lat' dir='ltr'><strong>tumulationem</strong></span> <span class='ocrx_word' id='word_1_56' title='bbox 769 1182 802 1243; x_wconf 94' lang='lat' dir='ltr'><strong>in</strong></span> <span class='ocrx_word' id='word_1_57' title='bbox 834 1180 897 1243; x_wconf 87' lang='lat' dir='ltr'><strong>alio</strong></span> <span class='ocrx_word' id='word_1_58' title='bbox 937 1181 1070 1251; x_wconf 77' lang='lat' dir='ltr'><strong>vertice.</strong></span> <span class='ocrx_word' id='word_1_59' title='bbox 1124 1181 1218 1242; x_wconf 85' lang='lat' dir='ltr'><strong>Haeo</strong></span> <span class='ocrx_word' id='word_1_60' title='bbox 1256 1178 1319 1241; x_wconf 91' lang='lat' dir='ltr'><strong>duo</strong></span> <span class='ocrx_word' id='word_1_61' title='bbox 1356 1178 1454 1260; x_wconf 87' lang='lat' dir='ltr'><strong>hujus</strong></span> 
     </span>
     <span class='ocr_line' id='line_1_10' title="bbox 278 1281 1455 1366; baseline -0.007 -15"><span class='ocrx_word' id='word_1_62' title='bbox 278 1287 387 1351; x_wconf 88' lang='lat' dir='ltr'><strong>saneti</strong></span> <span class='ocrx_word' id='word_1_63' title='bbox 409 1287 527 1349; x_wconf 88' lang='lat' dir='ltr'><strong>montis</strong></span> <span class='ocrx_word' id='word_1_64' title='bbox 549 1286 717 1350; x_wconf 88' lang='lat' dir='ltr'><strong>esonmine</strong></span> <span class='ocrx_word' id='word_1_65' title='bbox 741 1302 761 1347; x_wconf 87' lang='lat' dir='ltr'><strong>a</strong></span> <span class='ocrx_word' id='word_1_66' title='bbox 789 1282 878 1347; x_wconf 92' lang='lat' dir='ltr'><strong>uullo</strong></span> <span class='ocrx_word' id='word_1_67' title='bbox 901 1284 1062 1347; x_wconf 90' lang='lat' dir='ltr'><strong>homiuum</strong></span> <span class='ocrx_word' id='word_1_68' title='bbox 1095 1283 1224 1346; x_wconf 85' lang='lat' dir='ltr'><strong>luerunt</strong></span> <span class='ocrx_word' id='word_1_69' title='bbox 1253 1281 1455 1366; x_wconf 83' lang='lat' dir='ltr'><strong>frequentata</strong></span> 
     </span>
    </p>
   </div>
   <div class='ocr_carea' id='block_1_3' title="bbox 155 1386 1455 1473">
    <p class='ocr_par' dir='ltr' id='par_1_4' title="bbox 155 1386 1455 1473">
     <span class='ocr_line' id='line_1_11' title="bbox 155 1386 1455 1473; baseline -0.005 -18"><span class='ocrx_word' id='word_1_70' title='bbox 155 1409 159 1416; x_wconf 89' lang='lat'>·</span> <span class='ocrx_word' id='word_1_71' title='bbox 262 1400 357 1455; x_wconf 84' lang='lat' dir='ltr'><strong>¹ante</strong></span> <span class='ocrx_word' id='word_1_72' title='bbox 375 1391 526 1473; x_wconf 87' lang='lat' dir='ltr'><strong>bloysem</strong></span> <span class='ocrx_word' id='word_1_73' title='bbox 550 1396 594 1450; x_wconf 90' lang='lat' dir='ltr'><strong>et·</strong></span> <span class='ocrx_word' id='word_1_74' title='bbox 613 1387 845 1451; x_wconf 79' lang='lat' dir='ltr'><strong>catharinsmr·</strong></span> <span class='ocrx_word' id='word_1_75' title='bbox 861 1407 956 1451; x_wconf 86' lang='lat' dir='ltr'><strong>uento</strong></span> <span class='ocrx_word' id='word_1_76' title='bbox 985 1388 1106 1470; x_wconf 84' lang='lat' dir='ltr'><strong>quippe</strong></span> <span class='ocrx_word' id='word_1_77' title='bbox 1127 1386 1268 1450; x_wconf 88' lang='lat' dir='ltr'><strong>audebat</strong></span> <span class='ocrx_word' id='word_1_78' title='bbox 1298 1387 1455 1449; x_wconf 85' lang='lat' dir='ltr'><strong>vertieem</strong></span> 
     </span>
    </p>
   </div>
   <div class='ocr_carea' id='block_1_4' title="bbox 278 1490 1456 2614">
    <p class='ocr_par' dir='ltr' id='par_1_5' title="bbox 278 1490 1456 2406">
     <span class='ocr_line' id='line_1_12' title="bbox 278 1490 1451 1574; baseline -0.003 -18"><span class='ocrx_word' id='word_1_79' title='bbox 278 1491 365 1556; x_wconf 83' lang='lat' dir='ltr'><strong>Oreb</strong></span> <span class='ocrx_word' id='word_1_80' title='bbox 388 1492 582 1574; x_wconf 88' lang='lat' dir='ltr'><strong>asoendere,</strong></span> <span class='ocrx_word' id='word_1_81' title='bbox 606 1493 681 1574; x_wconf 84' lang='lat' dir='ltr'><strong>quia</strong></span> <span class='ocrx_word' id='word_1_82' title='bbox 715 1492 894 1554; x_wconf 86' lang='lat' dir='ltr'><strong>eommunis</strong></span> <span class='ocrx_word' id='word_1_83' title='bbox 925 1492 1033 1574; x_wconf 89' lang='lat' dir='ltr'><strong>opinio</strong></span> <span class='ocrx_word' id='word_1_84' title='bbox 1059 1492 1223 1554; x_wconf 88' lang='lat' dir='ltr'><strong>hominnm</strong></span> <span class='ocrx_word' id='word_1_85' title='bbox 1255 1497 1326 1551; x_wconf 88' lang='lat' dir='ltr'><strong>erat</strong></span> <span class='ocrx_word' id='word_1_86' title='bbox 1353 1490 1451 1552; x_wconf 89' lang='lat' dir='ltr'><strong>eliam</strong></span> 
     </span>
     <span class='ocr_line' id='line_1_13' title="bbox 279 1594 1456 1679; baseline -0.004 -19"><span class='ocrx_word' id='word_1_87' title='bbox 279 1605 355 1660; x_wconf 84' lang='lat' dir='ltr'><strong>ante</strong></span> <span class='ocrx_word' id='word_1_88' title='bbox 374 1597 525 1679; x_wconf 82' lang='lat' dir='ltr'><strong>Moysen,</strong></span> <span class='ocrx_word' id='word_1_89' title='bbox 541 1595 715 1658; x_wconf 83' lang='lat' dir='ltr'><strong>terribilem</strong></span> <span class='ocrx_word' id='word_1_90' title='bbox 737 1594 841 1662; x_wconf 86' lang='lat' dir='ltr'><strong>Deum</strong></span> <span class='ocrx_word' id='word_1_91' title='bbox 858 1595 890 1657; x_wconf 91' lang='lat' dir='ltr'><strong>in</strong></span> <span class='ocrx_word' id='word_1_92' title='bbox 909 1594 965 1658; x_wconf 87' lang='lat' dir='ltr'><strong>iile</strong></span> <span class='ocrx_word' id='word_1_93' title='bbox 977 1595 1160 1660; x_wconf 81' lang='lat' dir='ltr'><strong>summitate</strong></span> <span class='ocrx_word' id='word_1_94' title='bbox 1176 1595 1332 1676; x_wconf 84' lang='lat' dir='ltr'><strong>babitare,</strong></span> <span class='ocrx_word' id='word_1_95' title='bbox 1356 1611 1456 1676; x_wconf 84' lang='lat' dir='ltr'><strong>quem</strong></span> 
     </span>
     <span class='ocr_line' id='line_1_14' title="bbox 281 1698 1456 1782; baseline -0.002 -20"><span class='ocrx_word' id='word_1_96' title='bbox 281 1719 376 1762; x_wconf 88' lang='lat' dir='ltr'><strong>nomo</strong></span> <span class='ocrx_word' id='word_1_97' title='bbox 396 1702 494 1764; x_wconf 84' lang='lat' dir='ltr'><strong>vivus</strong></span> <span class='ocrx_word' id='word_1_98' title='bbox 519 1718 653 1762; x_wconf 78' lang='lat' dir='ltr'><strong>monens</strong></span> <span class='ocrx_word' id='word_1_99' title='bbox 674 1708 785 1782; x_wconf 91' lang='lat' dir='ltr'><strong>posset</strong></span> <span class='ocrx_word' id='word_1_100' title='bbox 806 1699 924 1762; x_wconf 90' lang='lat' dir='ltr'><strong>intueri</strong></span> <span class='ocrx_word' id='word_1_101' title='bbox 956 1717 1017 1764; x_wconf 90' lang='lat' dir='ltr'><strong>neo</strong></span> <span class='ocrx_word' id='word_1_102' title='bbox 1048 1698 1214 1763; x_wconf 87' lang='lat' dir='ltr'><strong>aoeedere.</strong></span> <span class='ocrx_word' id='word_1_103' title='bbox 1258 1699 1296 1759; x_wconf 93' lang='lat' dir='ltr'><strong>ln</strong></span> <span class='ocrx_word' id='word_1_104' title='bbox 1317 1698 1456 1760; x_wconf 87' lang='lat' dir='ltr'><strong>summi-</strong></span> 
     </span>
     <span class='ocr_line' id='line_1_15' title="bbox 278 1800 1456 1888; baseline -0.003 -21"><span class='ocrx_word' id='word_1_105' title='bbox 278 1812 378 1867; x_wconf 87' lang='lat' dir='ltr'><strong>tatem</strong></span> <span class='ocrx_word' id='word_1_106' title='bbox 399 1823 478 1868; x_wconf 90' lang='lat' dir='ltr'><strong>vero</strong></span> <span class='ocrx_word' id='word_1_107' title='bbox 493 1803 596 1888; x_wconf 81' lang='lat' dir='ltr'><strong>Syriai</strong></span> <span class='ocrx_word' id='word_1_108' title='bbox 610 1822 704 1867; x_wconf 91' lang='lat' dir='ltr'><strong>nemo</strong></span> <span class='ocrx_word' id='word_1_109' title='bbox 726 1803 919 1886; x_wconf 88' lang='lat' dir='ltr'><strong>praesumsit</strong></span> <span class='ocrx_word' id='word_1_110' title='bbox 938 1800 1148 1886; x_wconf 74' lang='lat' dir='ltr'><strong>adscendere,</strong></span> <span class='ocrx_word' id='word_1_111' title='bbox 1165 1821 1237 1867; x_wconf 91' lang='lat' dir='ltr'><strong>oum</strong></span> <span class='ocrx_word' id='word_1_112' title='bbox 1261 1800 1332 1883; x_wconf 90' lang='lat' dir='ltr'><strong>ejus</strong></span> <span class='ocrx_word' id='word_1_113' title='bbox 1353 1819 1456 1864; x_wconf 90' lang='lat' dir='ltr'><strong>oseu-</strong></span> 
     </span>
     <span class='ocr_line' id='line_1_16' title="bbox 280 1906 1456 1992; baseline -0.003 -20"><span class='ocrx_word' id='word_1_114' title='bbox 280 1926 355 1972; x_wconf 90' lang='lat' dir='ltr'><strong>men</strong></span> <span class='ocrx_word' id='word_1_115' title='bbox 386 1907 518 1971; x_wconf 86' lang='lat' dir='ltr'><strong>videtur</strong></span> <span class='ocrx_word' id='word_1_116' title='bbox 549 1908 641 1972; x_wconf 90' lang='lat' dir='ltr'><strong>eoelo</strong></span> <span class='ocrx_word' id='word_1_117' title='bbox 677 1906 911 1992; x_wconf 89' lang='lat' dir='ltr'><strong>quodammodo</strong></span> <span class='ocrx_word' id='word_1_118' title='bbox 943 1909 1129 1990; x_wconf 77' lang='lat' dir='ltr'><strong>contignum</strong></span> <span class='ocrx_word' id='word_1_119' title='bbox 1161 1925 1237 1970; x_wconf 89' lang='lat' dir='ltr'><strong>esse</strong></span> <span class='ocrx_word' id='word_1_120' title='bbox 1265 1914 1298 1969; x_wconf 88' lang='lat' dir='ltr'><strong>et</strong></span> <span class='ocrx_word' id='word_1_121' title='bbox 1327 1906 1456 1989; x_wconf 89' lang='lat' dir='ltr'><strong>seopoli</strong></span> 
     </span>
     <span class='ocr_line' id='line_1_17' title="bbox 280 2009 1455 2096; baseline -0.003 -21"><span class='ocrx_word' id='word_1_122' title='bbox 280 2013 443 2096; x_wconf 79' lang='lat' dir='ltr'><strong>praerupti</strong></span> <span class='ocrx_word' id='word_1_123' title='bbox 461 2013 495 2074; x_wconf 85' lang='lat' dir='ltr'><strong>ln</strong></span> <span class='ocrx_word' id='word_1_124' title='bbox 517 2012 616 2077; x_wconf 89' lang='lat' dir='ltr'><strong>altum</strong></span> <span class='ocrx_word' id='word_1_125' title='bbox 638 2012 782 2095; x_wconf 89' lang='lat' dir='ltr'><strong>protensi</strong></span> <span class='ocrx_word' id='word_1_126' title='bbox 804 2009 936 2073; x_wconf 72' lang='lat' dir='ltr'><strong>moendi</strong></span> <span class='ocrx_word' id='word_1_127' title='bbox 958 2010 1062 2074; x_wconf 80' lang='lat' dir='ltr'><strong>locum</strong></span> <span class='ocrx_word' id='word_1_128' title='bbox 1084 2011 1263 2095; x_wconf 84' lang='lat' dir='ltr'><strong>prohibere.</strong></span> <span class='ocrx_word' id='word_1_129' title='bbox 1292 2013 1331 2073; x_wconf 90' lang='lat' dir='ltr'><strong>ln</strong></span> <span class='ocrx_word' id='word_1_130' title='bbox 1352 2011 1455 2092; x_wconf 88' lang='lat' dir='ltr'><strong>primo</strong></span> 
     </span>
     <span class='ocr_line' id='line_1_18' title="bbox 280 2115 1455 2198; baseline -0.003 -20"><span class='ocrx_word' id='word_1_131' title='bbox 280 2117 377 2179; x_wconf 86' lang='lat' dir='ltr'><strong>etiam</strong></span> <span class='ocrx_word' id='word_1_132' title='bbox 407 2117 531 2180; x_wconf 84' lang='lat' dir='ltr'><strong>vesties</strong></span> <span class='ocrx_word' id='word_1_133' title='bbox 552 2116 725 2181; x_wconf 87' lang='lat' dir='ltr'><strong>videbatur</strong></span> <span class='ocrx_word' id='word_1_134' title='bbox 754 2116 955 2198; x_wconf 78' lang='lat' dir='ltr'><strong>frequentius</strong></span> <span class='ocrx_word' id='word_1_135' title='bbox 978 2115 1065 2198; x_wconf 77' lang='lat' dir='ltr'><strong>ignis</strong></span> <span class='ocrx_word' id='word_1_136' title='bbox 1093 2116 1207 2180; x_wconf 87' lang='lat' dir='ltr'><strong>ardere</strong></span> <span class='ocrx_word' id='word_1_137' title='bbox 1229 2122 1304 2177; x_wconf 87' lang='lat' dir='ltr'><strong>ente</strong></span> <span class='ocrx_word' id='word_1_138' title='bbox 1324 2115 1455 2198; x_wconf 87' lang='lat' dir='ltr'><strong>llloysis</strong></span> 
     </span>
     <span class='ocr_line' id='line_1_19' title="bbox 281 2218 1456 2304; baseline -0.003 -22"><span class='ocrx_word' id='word_1_139' title='bbox 281 2220 514 2283; x_wconf 79' lang='lat' dir='ltr'><strong>assensionem.</strong></span> <span class='ocrx_word' id='word_1_140' title='bbox 546 2223 584 2283; x_wconf 91' lang='lat' dir='ltr'><strong>ln</strong></span> <span class='ocrx_word' id='word_1_141' title='bbox 605 2220 749 2284; x_wconf 89' lang='lat' dir='ltr'><strong>seeundo</strong></span> <span class='ocrx_word' id='word_1_142' title='bbox 768 2237 848 2282; x_wconf 88' lang='lat' dir='ltr'><strong>vero</strong></span> <span class='ocrx_word' id='word_1_143' title='bbox 868 2218 1038 2283; x_wconf 87' lang='lat' dir='ltr'><strong>videbatur</strong></span> <span class='ocrx_word' id='word_1_144' title='bbox 1059 2237 1187 2304; x_wconf 86' lang='lat' dir='ltr'><strong>semper</strong></span> <span class='ocrx_word' id='word_1_145' title='bbox 1207 2221 1325 2304; x_wconf 91' lang='lat' dir='ltr'><strong>pruina</strong></span> <span class='ocrx_word' id='word_1_146' title='bbox 1344 2227 1378 2280; x_wconf 90' lang='lat' dir='ltr'><strong>et</strong></span> <span class='ocrx_word' id='word_1_147' title='bbox 1397 2218 1456 2280; x_wconf 87' lang='lat' dir='ltr'><strong>nix</strong></span> 
     </span>
     <span class='ocr_line' id='line_1_20' title="bbox 281 2322 971 2406; baseline -0.003 -19"><span class='ocrx_word' id='word_1_148' title='bbox 281 2324 388 2406; x_wconf 74' lang='lat' dir='ltr'><strong>rigere</strong></span> <span class='ocrx_word' id='word_1_149' title='bbox 409 2331 485 2386; x_wconf 87' lang='lat' dir='ltr'><strong>ante</strong></span> <span class='ocrx_word' id='word_1_150' title='bbox 502 2322 697 2388; x_wconf 86' lang='lat' dir='ltr'><strong>Catherinee</strong></span> <span class='ocrx_word' id='word_1_151' title='bbox 718 2323 971 2393; x_wconf 78' lang='lat' dir='ltr'><strong>tumulationem.</strong></span> 
     </span>
    </p>

    <p class='ocr_par' dir='ltr' id='par_1_6' title="bbox 282 2426 1454 2614">
     <span class='ocr_line' id='line_1_21' title="bbox 366 2426 1454 2512; baseline -0.003 -21"><span class='ocrx_word' id='word_1_152' title='bbox 366 2426 450 2491; x_wconf 80' lang='lat' dir='ltr'><strong>Sunt</strong></span> <span class='ocrx_word' id='word_1_153' title='bbox 470 2427 504 2489; x_wconf 90' lang='lat' dir='ltr'><strong>in</strong></span> <span class='ocrx_word' id='word_1_154' title='bbox 529 2427 647 2490; x_wconf 90' lang='lat' dir='ltr'><strong>mundo</strong></span> <span class='ocrx_word' id='word_1_155' title='bbox 668 2427 777 2509; x_wconf 84' lang='lat' dir='ltr'><strong>plures</strong></span> <span class='ocrx_word' id='word_1_156' title='bbox 800 2437 945 2512; x_wconf 88' lang='lat' dir='ltr'><strong>montes,</strong></span> <span class='ocrx_word' id='word_1_157' title='bbox 967 2427 1009 2490; x_wconf 90' lang='lat' dir='ltr'><strong>de</strong></span> <span class='ocrx_word' id='word_1_158' title='bbox 1030 2428 1147 2511; x_wconf 84' lang='lat' dir='ltr'><strong>quibus</strong></span> <span class='ocrx_word' id='word_1_159' title='bbox 1168 2428 1256 2510; x_wconf 76' lang='lat' dir='ltr'><strong>ignis</strong></span> <span class='ocrx_word' id='word_1_160' title='bbox 1277 2427 1394 2510; x_wconf 86' lang='lat' dir='ltr'><strong>spirat,</strong></span> <span class='ocrx_word' id='word_1_161' title='bbox 1419 2433 1454 2489; x_wconf 92' lang='lat' dir='ltr'><strong>ni</strong></span> 
     </span>
     <span class='ocr_line' id='line_1_22' title="bbox 282 2529 1453 2614; baseline 0 -22"><span class='ocrx_word' id='word_1_162' title='bbox 282 2529 393 2592; x_wconf 82' lang='lat' dir='ltr'><strong>Aetna</strong></span> <span class='ocrx_word' id='word_1_163' title='bbox 422 2529 583 2592; x_wconf 80' lang='lat' dir='ltr'><strong>vulcanus</strong></span> <span class='ocrx_word' id='word_1_164' title='bbox 613 2539 647 2593; x_wconf 92' lang='lat' dir='ltr'><strong>et</strong></span> <span class='ocrx_word' id='word_1_165' title='bbox 668 2532 800 2614; x_wconf 87' lang='lat' dir='ltr'><strong>Bobius,</strong></span> <span class='ocrx_word' id='word_1_166' title='bbox 822 2531 881 2594; x_wconf 90' lang='lat' dir='ltr'><strong>sed</strong></span> <span class='ocrx_word' id='word_1_167' title='bbox 903 2551 968 2594; x_wconf 91' lang='lat' dir='ltr'><strong>non</strong></span> <span class='ocrx_word' id='word_1_168' title='bbox 990 2533 1052 2595; x_wconf 89' lang='lat' dir='ltr'><strong>hoo</strong></span> <span class='ocrx_word' id='word_1_169' title='bbox 1071 2540 1197 2614; x_wconf 76' lang='lat' dir='ltr'><strong>agente.</strong></span> <span class='ocrx_word' id='word_1_170' title='bbox 1227 2533 1322 2594; x_wconf 80' lang='lat' dir='ltr'><strong>Mons</strong></span> <span class='ocrx_word' id='word_1_171' title='bbox 1344 2539 1453 2593; x_wconf 89' lang='lat' dir='ltr'><strong>entem</strong></span> 
     </span>
    </p>
   </div>
   <div class='ocr_carea' id='block_1_5' title="bbox 281 2633 1457 2822">
    <p class='ocr_par' dir='ltr' id='par_1_7' title="bbox 281 2633 1457 2822">
     <span class='ocr_line' id='line_1_23' title="bbox 281 2633 1454 2719; baseline -0.002 -21"><span class='ocrx_word' id='word_1_172' title='bbox 281 2636 346 2699; x_wconf 87' lang='lat' dir='ltr'><strong>isle</strong></span> <span class='ocrx_word' id='word_1_173' title='bbox 364 2636 479 2717; x_wconf 81' lang='lat' dir='ltr'><strong>igneas</strong></span> <span class='ocrx_word' id='word_1_174' title='bbox 500 2633 646 2698; x_wconf 84' lang='lat' dir='ltr'><strong>flammas</strong></span> <span class='ocrx_word' id='word_1_175' title='bbox 668 2635 784 2719; x_wconf 85' lang='lat' dir='ltr'><strong>emisit,</strong></span> <span class='ocrx_word' id='word_1_176' title='bbox 812 2635 881 2697; x_wconf 85' lang='lat' dir='ltr'><strong>Deo</strong></span> <span class='ocrx_word' id='word_1_177' title='bbox 903 2636 1006 2718; x_wconf 88' lang='lat' dir='ltr'><strong>ipsum</strong></span> <span class='ocrx_word' id='word_1_178' title='bbox 1029 2635 1221 2699; x_wconf 77' lang='lat' dir='ltr'><strong>miraculose</strong></span> <span class='ocrx_word' id='word_1_179' title='bbox 1251 2633 1454 2718; x_wconf 87' lang='lat' dir='ltr'><strong>inoendente,</strong></span> 
     </span>
     <span class='ocr_line' id='line_1_24' title="bbox 282 2738 1457 2822; baseline -0.003 -18"><span class='ocrx_word' id='word_1_180' title='bbox 282 2749 320 2804; x_wconf 87' lang='lat' dir='ltr'><strong>ut</strong></span> <span class='ocrx_word' id='word_1_181' title='bbox 340 2747 428 2822; x_wconf 90' lang='lat' dir='ltr'><strong>patet</strong></span> <span class='ocrx_word' id='word_1_182' title='bbox 442 2738 574 2802; x_wconf 85' lang='lat' dir='ltr'><strong>Denter.</strong></span> <span class='ocrx_word' id='word_1_183' title='bbox 597 2739 639 2802; x_wconf 87' lang='lat' dir='ltr'><strong>V.</strong></span> <span class='ocrx_word' id='word_1_184' title='bbox 655 2749 687 2802; x_wconf 92' lang='lat' dir='ltr'><strong>et</strong></span> <span class='ocrx_word' id='word_1_185' title='bbox 702 2738 806 2802; x_wconf 84' lang='lat' dir='ltr'><strong>ltxodt</strong></span> <span class='ocrx_word' id='word_1_186' title='bbox 822 2739 912 2802; x_wconf 84' lang='lat' dir='ltr'><strong>XlX.</strong></span> <span class='ocrx_word' id='word_1_187' title='bbox 941 2739 1102 2803; x_wconf 85' lang='lat' dir='ltr'><strong>Sosibitnr</strong></span> <span class='ocrx_word' id='word_1_188' title='bbox 1123 2741 1218 2822; x_wconf 87' lang='lat' dir='ltr'><strong>enim,</strong></span> <span class='ocrx_word' id='word_1_189' title='bbox 1231 2748 1371 2802; x_wconf 89' lang='lat' dir='ltr'><strong>montem</strong></span> <span class='ocrx_word' id='word_1_190' title='bbox 1392 2757 1457 2801; x_wconf 84' lang='lat' dir='ltr'><strong>es-</strong></span> 
     </span>
    </p>
   </div>
   <div class='ocr_carea' id='block_1_6' title="bbox 277 2843 1457 4384">
    <p class='ocr_par' dir='ltr' id='par_1_8' title="bbox 282 2843 1456 3444">
     <span class='ocr_line' id='line_1_25' title="bbox 283 2843 1456 2929; baseline -0.001 -22"><span class='ocrx_word' id='word_1_191' title='bbox 283 2847 408 2908; x_wconf 78' lang='lat' dir='ltr'><strong>arsisse</strong></span> <span class='ocrx_word' id='word_1_192' title='bbox 439 2845 531 2927; x_wconf 80' lang='lat' dir='ltr'><strong>igne,</strong></span> <span class='ocrx_word' id='word_1_193' title='bbox 564 2843 693 2929; x_wconf 87' lang='lat' dir='ltr'><strong>quando</strong></span> <span class='ocrx_word' id='word_1_194' title='bbox 713 2844 872 2908; x_wconf 84' lang='lat' dir='ltr'><strong>Dominus</strong></span> <span class='ocrx_word' id='word_1_195' title='bbox 903 2843 1088 2925; x_wconf 88' lang='lat' dir='ltr'><strong>deseendit,</strong></span> <span class='ocrx_word' id='word_1_196' title='bbox 1116 2844 1328 2927; x_wconf 84' lang='lat' dir='ltr'><strong>tubarumque</strong></span> <span class='ocrx_word' id='word_1_197' title='bbox 1352 2859 1456 2906; x_wconf 81' lang='lat' dir='ltr'><strong>voees</strong></span> 
     </span>
     <span class='ocr_line' id='line_1_26' title="bbox 282 2947 1454 3033; baseline 0 -23"><span class='ocrx_word' id='word_1_198' title='bbox 282 2947 453 3012; x_wconf 85' lang='lat' dir='ltr'><strong>exauditas</strong></span> <span class='ocrx_word' id='word_1_199' title='bbox 474 2948 587 3012; x_wconf 84' lang='lat' dir='ltr'><strong>luisse.</strong></span> <span class='ocrx_word' id='word_1_200' title='bbox 632 2948 779 3033; x_wconf 83' lang='lat' dir='ltr'><strong>Cumque</strong></span> <span class='ocrx_word' id='word_1_201' title='bbox 797 2957 863 3011; x_wconf 86' lang='lat' dir='ltr'><strong>tols</strong></span> <span class='ocrx_word' id='word_1_202' title='bbox 884 2947 1053 3011; x_wconf 89' lang='lat' dir='ltr'><strong>multitudo</strong></span> <span class='ocrx_word' id='word_1_203' title='bbox 1081 2967 1146 3010; x_wconf 89' lang='lat' dir='ltr'><strong>nou</strong></span> <span class='ocrx_word' id='word_1_204' title='bbox 1167 2949 1336 3032; x_wconf 76' lang='lat' dir='ltr'><strong>pauciores</strong></span> <span class='ocrx_word' id='word_1_205' title='bbox 1356 2965 1454 3030; x_wconf 87' lang='lat' dir='ltr'><strong>quam</strong></span> 
     </span>
     <span class='ocr_line' id='line_1_27' title="bbox 283 3051 1456 3136; baseline 0 -21"><span class='ocrx_word' id='word_1_206' title='bbox 283 3051 394 3115; x_wconf 81' lang='lat' dir='ltr'><strong>denies</strong></span> <span class='ocrx_word' id='word_1_207' title='bbox 416 3061 554 3116; x_wconf 84' lang='lat' dir='ltr'><strong>eeuteuu</strong></span> <span class='ocrx_word' id='word_1_208' title='bbox 576 3051 675 3117; x_wconf 88' lang='lat' dir='ltr'><strong>millia</strong></span> <span class='ocrx_word' id='word_1_209' title='bbox 700 3063 829 3135; x_wconf 88' lang='lat' dir='ltr'><strong>essent,</strong></span> <span class='ocrx_word' id='word_1_210' title='bbox 851 3053 964 3136; x_wconf 85' lang='lat' dir='ltr'><strong>perV</strong></span> <span class='ocrx_word' id='word_1_211' title='bbox 985 3051 1109 3115; x_wconf 89' lang='lat' dir='ltr'><strong>diesin</strong></span> <span class='ocrx_word' id='word_1_212' title='bbox 1130 3054 1217 3115; x_wconf 81' lang='lat' dir='ltr'><strong>omiti</strong></span> <span class='ocrx_word' id='word_1_213' title='bbox 1243 3052 1314 3116; x_wconf 85' lang='lat' dir='ltr'><strong>loco</strong></span> <span class='ocrx_word' id='word_1_214' title='bbox 1336 3051 1456 3136; x_wconf 79' lang='lat' dir='ltr'><strong>ardeam</strong></span> 
     </span>
     <span class='ocr_line' id='line_1_28' title="bbox 282 3155 1455 3238; baseline 0.003 -21"><span class='ocrx_word' id='word_1_215' title='bbox 282 3157 370 3238; x_wconf 75' lang='lat' dir='ltr'><strong>iguis</strong></span> <span class='ocrx_word' id='word_1_216' title='bbox 401 3157 634 3237; x_wconf 77' lang='lat' dir='ltr'><strong>aspiciebatur,</strong></span> <span class='ocrx_word' id='word_1_217' title='bbox 666 3158 711 3218; x_wconf 91' lang='lat' dir='ltr'><strong>ita</strong></span> <span class='ocrx_word' id='word_1_218' title='bbox 740 3165 863 3236; x_wconf 87' lang='lat' dir='ltr'><strong>tamen,</strong></span> <span class='ocrx_word' id='word_1_219' title='bbox 885 3163 921 3218; x_wconf 89' lang='lat' dir='ltr'><strong>ut</strong></span> <span class='ocrx_word' id='word_1_220' title='bbox 950 3155 1030 3218; x_wconf 87' lang='lat' dir='ltr'><strong>nihil</strong></span> <span class='ocrx_word' id='word_1_221' title='bbox 1051 3157 1095 3218; x_wconf 89' lang='lat' dir='ltr'><strong>ibi</strong></span> <span class='ocrx_word' id='word_1_222' title='bbox 1117 3165 1317 3219; x_wconf 79' lang='lat' dir='ltr'><strong>consumtum</strong></span> <span class='ocrx_word' id='word_1_223' title='bbox 1347 3157 1455 3238; x_wconf 84' lang='lat' dir='ltr'><strong>luerit,</strong></span> 
     </span>
     <span class='ocr_line' id='line_1_29' title="bbox 282 3257 1455 3344; baseline 0.003 -23"><span class='ocrx_word' id='word_1_224' title='bbox 282 3257 342 3321; x_wconf 86' lang='lat' dir='ltr'><strong>setl</strong></span> <span class='ocrx_word' id='word_1_225' title='bbox 366 3258 440 3340; x_wconf 87' lang='lat' dir='ltr'><strong>ipsa</strong></span> <span class='ocrx_word' id='word_1_226' title='bbox 460 3277 589 3341; x_wconf 81' lang='lat' dir='ltr'><strong>qnoque</strong></span> <span class='ocrx_word' id='word_1_227' title='bbox 615 3260 783 3324; x_wconf 84' lang='lat' dir='ltr'><strong>herbarum</strong></span> <span class='ocrx_word' id='word_1_228' title='bbox 813 3257 962 3322; x_wconf 86' lang='lat' dir='ltr'><strong>viriditas</strong></span> <span class='ocrx_word' id='word_1_229' title='bbox 988 3260 1110 3325; x_wconf 84' lang='lat' dir='ltr'><strong>intaeta</strong></span> <span class='ocrx_word' id='word_1_230' title='bbox 1130 3262 1317 3344; x_wconf 86' lang='lat' dir='ltr'><strong>permansit.</strong></span> <span class='ocrx_word' id='word_1_231' title='bbox 1360 3261 1455 3324; x_wconf 83' lang='lat' dir='ltr'><strong>Haeo</strong></span> 
     </span>
     <span class='ocr_line' id='line_1_30' title="bbox 283 3359 933 3444; baseline -0.002 -20"><span class='ocrx_word' id='word_1_232' title='bbox 283 3361 363 3425; x_wconf 73' lang='lat' dir='ltr'><strong>blus.</strong></span> <span class='ocrx_word' id='word_1_233' title='bbox 386 3359 428 3438; x_wconf 87' lang='lat' dir='ltr'><strong>de</strong></span> <span class='ocrx_word' id='word_1_234' title='bbox 450 3379 568 3444; x_wconf 75' lang='lat' dir='ltr'><strong>evang.</strong></span> <span class='ocrx_word' id='word_1_235' title='bbox 591 3377 701 3444; x_wconf 82' lang='lat' dir='ltr'><strong>praep.</strong></span> <span class='ocrx_word' id='word_1_236' title='bbox 721 3361 776 3423; x_wconf 90' lang='lat' dir='ltr'><strong>lib.</strong></span> <span class='ocrx_word' id='word_1_237' title='bbox 797 3363 829 3427; x_wconf 81' lang='grc'><strong>8.</strong></span> <span class='ocrx_word' id='word_1_238' title='bbox 849 3379 879 3424; x_wconf 89' lang='lat' dir='ltr'><strong>o.</strong></span> <span class='ocrx_word' id='word_1_239' title='bbox 902 3361 933 3426; x_wconf 84' lang='lat' dir='ltr'><strong>u.</strong></span> 
     </span>
    </p>

    <p class='ocr_par' dir='ltr' id='par_1_9' title="bbox 277 3461 1457 4384">
     <span class='ocr_line' id='line_1_31' title="bbox 363 3461 1454 3551; baseline 0.005 -25"><span class='ocrx_word' id='word_1_240' title='bbox 363 3461 447 3527; x_wconf 83' lang='lat' dir='ltr'><strong>Sunt</strong></span> <span class='ocrx_word' id='word_1_241' title='bbox 478 3464 569 3527; x_wconf 89' lang='lat' dir='ltr'><strong>multi</strong></span> <span class='ocrx_word' id='word_1_242' title='bbox 602 3473 728 3528; x_wconf 86' lang='lat' dir='ltr'><strong>montes</strong></span> <span class='ocrx_word' id='word_1_243' title='bbox 749 3465 913 3548; x_wconf 84' lang='lat' dir='ltr'><strong>perpetuis</strong></span> <span class='ocrx_word' id='word_1_244' title='bbox 945 3466 1076 3530; x_wconf 84' lang='lat' dir='ltr'><strong>nivibus</strong></span> <span class='ocrx_word' id='word_1_245' title='bbox 1111 3468 1230 3551; x_wconf 88' lang='lat' dir='ltr'><strong>operti,</strong></span> <span class='ocrx_word' id='word_1_246' title='bbox 1261 3465 1454 3551; x_wconf 77' lang='lat' dir='ltr'><strong>rigiditatem</strong></span> 
     </span>
     <span class='ocr_line' id='line_1_32' title="bbox 281 3568 1457 3654; baseline 0.002 -22"><span class='ocrx_word' id='word_1_247' title='bbox 281 3575 504 3652; x_wconf 71' lang='lat' dir='ltr'><strong>praestantes,</strong></span> <span class='ocrx_word' id='word_1_248' title='bbox 526 3568 580 3631; x_wconf 88' lang='lat' dir='ltr'><strong>bio</strong></span> <span class='ocrx_word' id='word_1_249' title='bbox 611 3577 717 3632; x_wconf 84' lang='lat' dir='ltr'><strong>antem</strong></span> <span class='ocrx_word' id='word_1_250' title='bbox 751 3571 828 3632; x_wconf 84' lang='lat' dir='ltr'><strong>nive</strong></span> <span class='ocrx_word' id='word_1_251' title='bbox 852 3569 984 3633; x_wconf 81' lang='lat' dir='ltr'><strong>canduit</strong></span> <span class='ocrx_word' id='word_1_252' title='bbox 1016 3572 1234 3654; x_wconf 80' lang='lat' dir='ltr'><strong>virginitatem</strong></span> <span class='ocrx_word' id='word_1_253' title='bbox 1262 3572 1457 3635; x_wconf 84' lang='lat' dir='ltr'><strong>catharinae</strong></span> 
     </span>
     <span class='ocr_line' id='line_1_33' title="bbox 280 3671 1455 3760; baseline 0.002 -24"><span class='ocrx_word' id='word_1_254' title='bbox 280 3671 497 3755; x_wconf 74' lang='lat' dir='ltr'><strong>ngntnoame.</strong></span> <span class='ocrx_word' id='word_1_255' title='bbox 529 3671 610 3736; x_wconf 85' lang='lat' dir='ltr'><strong>Sunt</strong></span> <span class='ocrx_word' id='word_1_256' title='bbox 631 3681 800 3755; x_wconf 86' lang='lat' dir='ltr'><strong>prseteree</strong></span> <span class='ocrx_word' id='word_1_257' title='bbox 822 3674 913 3738; x_wconf 89' lang='lat' dir='ltr'><strong>multi</strong></span> <span class='ocrx_word' id='word_1_258' title='bbox 931 3684 1057 3739; x_wconf 87' lang='lat' dir='ltr'><strong>montes</strong></span> <span class='ocrx_word' id='word_1_259' title='bbox 1077 3677 1261 3760; x_wconf 80' lang='lat' dir='ltr'><strong>osvernosi,</strong></span> <span class='ocrx_word' id='word_1_260' title='bbox 1282 3678 1316 3739; x_wconf 90' lang='lat' dir='ltr'><strong>iu</strong></span> <span class='ocrx_word' id='word_1_261' title='bbox 1337 3677 1455 3759; x_wconf 84' lang='lat' dir='ltr'><strong>quibus</strong></span> 
     </span>
     <span class='ocr_line' id='line_1_34' title="bbox 280 3776 1452 3860; baseline 0.002 -20"><span class='ocrx_word' id='word_1_262' title='bbox 280 3776 421 3860; x_wconf 75' lang='lat' dir='ltr'><strong>gentiles</strong></span> <span class='ocrx_word' id='word_1_263' title='bbox 440 3779 724 3860; x_wconf 87' lang='lat' dir='ltr'><strong>superstitionibus</strong></span> <span class='ocrx_word' id='word_1_264' title='bbox 745 3781 904 3846; x_wconf 83' lang='lat' dir='ltr'><strong>vaoabsnt</strong></span> <span class='ocrx_word' id='word_1_265' title='bbox 918 3789 951 3843; x_wconf 85' lang='lat' dir='ltr'><strong>et</strong></span> <span class='ocrx_word' id='word_1_266' title='bbox 971 3779 1058 3843; x_wconf 91' lang='lat' dir='ltr'><strong>idola</strong></span> <span class='ocrx_word' id='word_1_267' title='bbox 1080 3781 1240 3844; x_wconf 84' lang='lat' dir='ltr'><strong>colebant.</strong></span> <span class='ocrx_word' id='word_1_268' title='bbox 1273 3781 1337 3844; x_wconf 85' lang='lat' dir='ltr'><strong>llio</strong></span> <span class='ocrx_word' id='word_1_269' title='bbox 1358 3798 1452 3843; x_wconf 87' lang='lat' dir='ltr'><strong>mons</strong></span> 
     </span>
     <span class='ocr_line' id='line_1_35' title="bbox 280 3881 1455 3967; baseline 0.003 -24"><span class='ocrx_word' id='word_1_270' title='bbox 280 3898 440 3944; x_wconf 85' lang='lat' dir='ltr'><strong>osverrtas</strong></span> <span class='ocrx_word' id='word_1_271' title='bbox 461 3881 574 3964; x_wconf 85' lang='lat' dir='ltr'><strong>bebet,</strong></span> <span class='ocrx_word' id='word_1_272' title='bbox 593 3884 626 3946; x_wconf 91' lang='lat' dir='ltr'><strong>in</strong></span> <span class='ocrx_word' id='word_1_273' title='bbox 648 3883 766 3966; x_wconf 88' lang='lat' dir='ltr'><strong>quibus</strong></span> <span class='ocrx_word' id='word_1_274' title='bbox 787 3885 962 3967; x_wconf 89' lang='lat' dir='ltr'><strong>prophelae</strong></span> <span class='ocrx_word' id='word_1_275' title='bbox 993 3883 1104 3948; x_wconf 83' lang='lat' dir='ltr'><strong>divina</strong></span> <span class='ocrx_word' id='word_1_276' title='bbox 1124 3885 1257 3948; x_wconf 87' lang='lat' dir='ltr'><strong>oraenla</strong></span> <span class='ocrx_word' id='word_1_277' title='bbox 1279 3893 1455 3967; x_wconf 84' lang='lat' dir='ltr'><strong>esspeots-</strong></span> 
     </span>
     <span class='ocr_line' id='line_1_36' title="bbox 279 3984 1454 4070; baseline 0.005 -22"><span class='ocrx_word' id='word_1_278' title='bbox 279 3985 413 4048; x_wconf 84' lang='lat' dir='ltr'><strong>baulei</strong></span> <span class='ocrx_word' id='word_1_279' title='bbox 443 3987 548 4050; x_wconf 85' lang='lat' dir='ltr'><strong>saneti</strong></span> <span class='ocrx_word' id='word_1_280' title='bbox 570 3988 717 4050; x_wconf 85' lang='lat' dir='ltr'><strong>monaehi</strong></span> <span class='ocrx_word' id='word_1_281' title='bbox 746 3984 865 4049; x_wconf 81' lang='lat' dir='ltr'><strong>(livistis</strong></span> <span class='ocrx_word' id='word_1_282' title='bbox 896 3988 1221 4070; x_wconf 78' lang='lat' dir='ltr'><strong>contemplationibus</strong></span> <span class='ocrx_word' id='word_1_283' title='bbox 1248 3989 1454 4054; x_wconf 83' lang='lat' dir='ltr'><strong>insistebant.</strong></span> 
     </span>
     <span class='ocr_line' id='line_1_37' title="bbox 279 4087 1454 4178; baseline 0.002 -27"><span class='ocrx_word' id='word_1_284' title='bbox 279 4087 394 4152; x_wconf 85' lang='lat' dir='ltr'><strong>Plures</strong></span> <span class='ocrx_word' id='word_1_285' title='bbox 425 4097 502 4152; x_wconf 89' lang='lat' dir='ltr'><strong>sunt</strong></span> <span class='ocrx_word' id='word_1_286' title='bbox 518 4087 594 4166; x_wconf 50' lang='lat' dir='ltr'><strong>,dtis</strong></span> <span class='ocrx_word' id='word_1_287' title='bbox 626 4091 826 4172; x_wconf 88' lang='lat' dir='ltr'><strong>eonseorati,</strong></span> <span class='ocrx_word' id='word_1_288' title='bbox 848 4099 887 4154; x_wconf 85' lang='lat' dir='ltr'><strong>ut</strong></span> <span class='ocrx_word' id='word_1_289' title='bbox 917 4093 1089 4155; x_wconf 81' lang='lat' dir='ltr'><strong>Minervae</strong></span> <span class='ocrx_word' id='word_1_290' title='bbox 1115 4091 1315 4156; x_wconf 83' lang='lat' dir='ltr'><strong>Ameintbus</strong></span> <span class='ocrx_word' id='word_1_291' title='bbox 1348 4109 1454 4178; x_wconf 84' lang='lat' dir='ltr'><strong>mous,</strong></span> 
     </span>
     <span class='ocr_line' id='line_1_38' title="bbox 279 4182 1451 4282; baseline 0.002 -26"><span class='ocrx_word' id='word_1_292' title='bbox 279 4193 431 4278; x_wconf 82' lang='lat' dir='ltr'><strong>Appoliui</strong></span> <span class='ocrx_word' id='word_1_293' title='bbox 444 4193 564 4277; x_wconf 80' lang='lat' dir='ltr'><strong>Melas,</strong></span> <span class='ocrx_word' id='word_1_294' title='bbox 584 4193 662 4256; x_wconf 83' lang='lat' dir='ltr'><strong>Jovt</strong></span> <span class='ocrx_word' id='word_1_295' title='bbox 679 4192 847 4278; x_wconf 87' lang='lat' dir='ltr'><strong>Olympus,</strong></span> <span class='ocrx_word' id='word_1_296' title='bbox 870 4195 1003 4260; x_wconf 82' lang='lat' dir='ltr'><strong>Aeneae</strong></span> <span class='ocrx_word' id='word_1_297' title='bbox 1022 4197 1181 4282; x_wconf 74' lang='lat' dir='ltr'><strong>Misenus,</strong></span> <span class='ocrx_word' id='word_1_298' title='bbox 1202 4182 1332 4280; x_wconf 74' lang='lat' dir='ltr'><strong>satyris</strong></span> <span class='ocrx_word' id='word_1_299' title='bbox 1344 4196 1451 4275; x_wconf 83' lang='lat' dir='ltr'><strong>Atlas,</strong></span> 
     </span>
     <span class='ocr_line' id='line_1_39' title="bbox 277 4295 1455 4384; baseline 0.002 -22"><span class='ocrx_word' id='word_1_300' title='bbox 277 4298 401 4364; x_wconf 88' lang='lat' dir='ltr'><strong>Poenio</strong></span> <span class='ocrx_word' id='word_1_301' title='bbox 421 4295 551 4364; x_wconf 80' lang='lat' dir='ltr'><strong>Poenus</strong></span> <span class='ocrx_word' id='word_1_302' title='bbox 573 4315 676 4382; x_wconf 87' lang='lat' dir='ltr'><strong>mous,</strong></span> <span class='ocrx_word' id='word_1_303' title='bbox 717 4298 849 4366; x_wconf 76' lang='lat' dir='ltr'><strong>Moloeb</strong></span> <span class='ocrx_word' id='word_1_304' title='bbox 869 4319 962 4365; x_wconf 89' lang='lat' dir='ltr'><strong>mons</strong></span> <span class='ocrx_word' id='word_1_305' title='bbox 984 4299 1183 4384; x_wconf 80' lang='lat' dir='ltr'><strong>offensionis,</strong></span> <span class='ocrx_word' id='word_1_306' title='bbox 1215 4303 1337 4366; x_wconf 90' lang='lat' dir='ltr'><strong>Veneri</strong></span> <span class='ocrx_word' id='word_1_307' title='bbox 1360 4317 1455 4364; x_wconf 76' lang='lat' dir='ltr'><strong>mons</strong></span> 
     </span>
    </p>
   </div>
   <div class='ocr_carea' id='block_1_7' title="bbox 0 0 1606 5218">
    <p class='ocr_par' dir='ltr' id='par_1_10' title="bbox 0 0 1606 5218">
     <span class='ocr_line' id='line_1_40' title="bbox 0 0 1606 5218; baseline 0 0"><span class='ocrx_word' id='word_1_308' title='bbox 0 0 1606 5218; x_wconf 95' lang='lat' dir='ltr'><strong> </strong></span> 
     </span>
    </p>
   </div>
  </div>
 </body>
</html>
