<?xml version="1.0" encoding="UTF-8"?>
<!DOCTYPE html PUBLIC "-//W3C//DTD XHTML 1.0 Transitional//EN"
    "http://www.w3.org/TR/xhtml1/DTD/xhtml1-transitional.dtd">
<html xmlns="http://www.w3.org/1999/xhtml" xml:lang="en" lang="en">
 <head>
  <title>
</title>
<meta http-equiv="Content-Type" content="text/html;charset=utf-8" />
  <meta name='ocr-system' content='tesseract 3.04.00' />
  <meta name='ocr-capabilities' content='ocr_page ocr_carea ocr_par ocr_line ocrx_word'/>
</head>
<body>
  <div class='ocr_page' id='page_1' title='image "./fratrisfelicisf04fabrgoog_0475.png"; bbox 0 0 3202 5218; ppageno 0'>
   <div class='ocr_carea' id='block_1_1' title="bbox 140 503 1574 2260">
    <p class='ocr_par' dir='ltr' id='par_1_1' title="bbox 140 503 1574 2260">
     <span class='ocr_line' id='line_1_1' title="bbox 171 503 1350 594; baseline 0.006 -23"><span class='ocrx_word' id='word_1_1' title='bbox 171 506 383 594; x_wconf 45' lang='lat' dir='ltr'><strong>saeculares„</strong></span> <span class='ocrx_word' id='word_1_2' title='bbox 393 503 570 568; x_wconf 81' lang='lat' dir='ltr'><strong>Christiani</strong></span> <span class='ocrx_word' id='word_1_3' title='bbox 583 505 749 586; x_wconf 85' lang='lat' dir='ltr'><strong>haeretici,</strong></span> <span class='ocrx_word' id='word_1_4' title='bbox 764 505 810 568; x_wconf 90' lang='lat' dir='ltr'><strong>ibi</strong></span> <span class='ocrx_word' id='word_1_5' title='bbox 820 505 917 568; x_wconf 87' lang='lat' dir='ltr'><strong>etiarn</strong></span> <span class='ocrx_word' id='word_1_6' title='bbox 929 512 1023 570; x_wconf 87' lang='lat' dir='ltr'><strong>eraut</strong></span> <span class='ocrx_word' id='word_1_7' title='bbox 1036 505 1208 574; x_wconf 60' lang='lat' dir='ltr'><strong>Saraceni</strong></span> <span class='ocrx_word' id='word_1_8' title='bbox 1219 519 1250 576; x_wconf 90' lang='lat' dir='ltr'><strong>at</strong></span> <span class='ocrx_word' id='word_1_9' title='bbox 1262 512 1350 578; x_wconf 84' lang='lat' dir='ltr'><strong>Ara·</strong></span> 
     </span>
     <span class='ocr_line' id='line_1_2' title="bbox 165 591 1349 695; baseline 0.006 -23"><span class='ocrx_word' id='word_1_10' title='bbox 165 615 249 694; x_wconf 72' lang='lat' dir='ltr'><strong>bes,&#39;</strong></span> <span class='ocrx_word' id='word_1_11' title='bbox 258 613 313 695; x_wconf 85' lang='lat' dir='ltr'><strong>qui</strong></span> <span class='ocrx_word' id='word_1_12' title='bbox 328 627 442 672; x_wconf 89' lang='lat' dir='ltr'><strong>omues</strong></span> <span class='ocrx_word' id='word_1_13' title='bbox 464 608 505 673; x_wconf 91' lang='lat' dir='ltr'><strong>de</strong></span> <span class='ocrx_word' id='word_1_14' title='bbox 520 609 710 692; x_wconf 77' lang='lat' dir='ltr'><strong>fragmentis</strong></span> <span class='ocrx_word' id='word_1_15' title='bbox 722 618 852 693; x_wconf 84' lang='lat' dir='ltr'><strong>sportae</strong></span> <span class='ocrx_word' id='word_1_16' title='bbox 865 629 959 674; x_wconf 87' lang='lat' dir='ltr'><strong>meaa</strong></span> <span class='ocrx_word' id='word_1_17' title='bbox 974 611 1256 677; x_wconf 80' lang='lat' dir='ltr'><strong>manducaverunt</strong></span> <span class='ocrx_word' id='word_1_18' title='bbox 1279 591 1349 681; x_wconf 53' lang='lat' dir='ltr'><strong>&#39;Vi-</strong></span> 
     </span>
     <span class='ocr_line' id='line_1_3' title="bbox 171 712 1454 799; baseline 0.005 -20"><span class='ocrx_word' id='word_1_19' title='bbox 171 735 246 779; x_wconf 85' lang='lat' dir='ltr'><strong>num</strong></span> <span class='ocrx_word' id='word_1_20' title='bbox 262 715 305 778; x_wconf 92' lang='lat' dir='ltr'><strong>ibi</strong></span> <span class='ocrx_word' id='word_1_21' title='bbox 329 717 398 776; x_wconf 81' lang='lat' dir='ltr'><strong>erat</strong></span> <span class='ocrx_word' id='word_1_22' title='bbox 421 712 454 774; x_wconf 92' lang='lat' dir='ltr'><strong>in</strong></span> <span class='ocrx_word' id='word_1_23' title='bbox 470 714 573 794; x_wconf 85' lang='lat' dir='ltr'><strong>copia,</strong></span> <span class='ocrx_word' id='word_1_24' title='bbox 589 715 665 796; x_wconf 87' lang='lat' dir='ltr'><strong>quia</strong></span> <span class='ocrx_word' id='word_1_25' title='bbox 682 715 735 776; x_wconf 89' lang='lat' dir='ltr'><strong>alii</strong></span> <span class='ocrx_word' id='word_1_26' title='bbox 757 715 919 796; x_wconf 75' lang='lat' dir='ltr'><strong>peregrini</strong></span> <span class='ocrx_word' id='word_1_27' title='bbox 940 727 1131 799; x_wconf 83' lang='lat' dir='ltr'><strong>acceperant</strong></span> <span class='ocrx_word' id='word_1_28' title='bbox 1147 733 1258 782; x_wconf 85' lang='lat' dir='ltr'><strong>aecum</strong></span> <span class='ocrx_word' id='word_1_29' title='bbox 1271 737 1351 786; x_wconf 83' lang='lat' dir='ltr'><strong>auos</strong></span> <span class='ocrx_word' id='word_1_30' title='bbox 1453 763 1454 768; x_wconf 22' lang='grc' dir='ltr'><strong>κ</strong></span> 
     </span>
     <span class='ocr_line' id='line_1_4' title="bbox 170 816 1574 905; baseline 0.005 -23"><span class='ocrx_word' id='word_1_31' title='bbox 170 822 319 900; x_wconf 78' lang='lat' dir='ltr'><strong>ciascun,</strong></span> <span class='ocrx_word' id='word_1_32' title='bbox 342 816 403 880; x_wconf 90' lang='lat' dir='ltr'><strong>sed</strong></span> <span class='ocrx_word' id='word_1_33' title='bbox 424 835 529 900; x_wconf 85' lang='lat' dir='ltr'><strong>aquae</strong></span> <span class='ocrx_word' id='word_1_34' title='bbox 560 818 605 880; x_wconf 92' lang='lat' dir='ltr'><strong>ihi</strong></span> <span class='ocrx_word' id='word_1_35' title='bbox 635 817 783 882; x_wconf 87' lang='lat' dir='ltr'><strong>deiectus</strong></span> <span class='ocrx_word' id='word_1_36' title='bbox 817 827 905 894; x_wconf 84' lang='lat' dir='ltr'><strong>erat,</strong></span> <span class='ocrx_word' id='word_1_37' title='bbox 932 819 1020 904; x_wconf 88' lang='lat' dir='ltr'><strong>quod</strong></span> <span class='ocrx_word' id='word_1_38' title='bbox 1049 837 1188 884; x_wconf 88' lang='lat' dir='ltr'><strong>cerneus</strong></span> <span class='ocrx_word' id='word_1_39' title='bbox 1218 823 1348 905; x_wconf 82' lang='lat' dir='ltr'><strong>quidam</strong></span> <span class='ocrx_word' id='word_1_40' title='bbox 1463 861 1465 866; x_wconf 95' lang='lat'>·</span> <span class='ocrx_word' id='word_1_41' title='bbox 1571 817 1574 826; x_wconf 81' lang='lat'>&#39;</span> 
     </span>
     <span class='ocr_line' id='line_1_5' title="bbox 169 920 1350 1008; baseline 0.005 -22"><span class='ocrx_word' id='word_1_42' title='bbox 169 923 278 986; x_wconf 81' lang='lat' dir='ltr'><strong>Arabs</strong></span> <span class='ocrx_word' id='word_1_43' title='bbox 300 920 341 984; x_wconf 86' lang='lat' dir='ltr'><strong>de</strong></span> <span class='ocrx_word' id='word_1_44' title='bbox 364 923 515 984; x_wconf 85' lang='lat' dir='ltr'><strong>convivis</strong></span> <span class='ocrx_word' id='word_1_45' title='bbox 544 923 665 984; x_wconf 89' lang='lat' dir='ltr'><strong>uostris</strong></span> <span class='ocrx_word' id='word_1_46' title='bbox 692 934 827 1006; x_wconf 84' lang='lat' dir='ltr'><strong>accepta</strong></span> <span class='ocrx_word' id='word_1_47' title='bbox 852 925 1007 1007; x_wconf 85' lang='lat' dir='ltr'><strong>amphora</strong></span> <span class='ocrx_word' id='word_1_48' title='bbox 1028 944 1087 1007; x_wconf 88' lang='lat' dir='ltr'><strong>per</strong></span> <span class='ocrx_word' id='word_1_49' title='bbox 1106 943 1207 1008; x_wconf 88' lang='lat' dir='ltr'><strong>prona</strong></span> <span class='ocrx_word' id='word_1_50' title='bbox 1233 929 1350 992; x_wconf 83' lang='lat' dir='ltr'><strong>montis</strong></span> 
     </span>
     <span class='ocr_line' id='line_1_6' title="bbox 140 1025 1347 1111; baseline 0.005 -22"><span class='ocrx_word' id='word_1_51' title='bbox 140 1045 235 1090; x_wconf 84' lang='lat' dir='ltr'><strong>·uou</strong></span> <span class='ocrx_word' id='word_1_52' title='bbox 270 1029 410 1089; x_wconf 76' lang='lat' dir='ltr'><strong>cucurrit</strong></span> <span class='ocrx_word' id='word_1_53' title='bbox 448 1025 508 1088; x_wconf 86' lang='lat' dir='ltr'><strong>sed</strong></span> <span class='ocrx_word' id='word_1_54' title='bbox 543 1025 688 1108; x_wconf 82' lang='lat' dir='ltr'><strong>dilapsus</strong></span> <span class='ocrx_word' id='word_1_55' title='bbox 724 1026 843 1090; x_wconf 76' lang='lat' dir='ltr'>decidit</span> <span class='ocrx_word' id='word_1_56' title='bbox 881 1037 913 1090; x_wconf 89' lang='lat' dir='ltr'><strong>et</strong></span> <span class='ocrx_word' id='word_1_57' title='bbox 952 1039 1026 1111; x_wconf 88' lang='lat' dir='ltr'><strong>post</strong></span> <span class='ocrx_word' id='word_1_58' title='bbox 1058 1047 1193 1111; x_wconf 87' lang='lat' dir='ltr'><strong>parvam</strong></span> <span class='ocrx_word' id='word_1_59' title='bbox 1225 1049 1347 1096; x_wconf 84' lang='lat' dir='ltr'><strong>moram</strong></span> 
     </span>
     <span class='ocr_line' id='line_1_7' title="bbox 178 1130 1347 1217; baseline 0.004 -22"><span class='ocrx_word' id='word_1_60' title='bbox 178 1131 273 1195; x_wconf 89' lang='lat' dir='ltr'><strong>rediit</strong></span> <span class='ocrx_word' id='word_1_61' title='bbox 303 1141 435 1214; x_wconf 89' lang='lat' dir='ltr'><strong>portans</strong></span> <span class='ocrx_word' id='word_1_62' title='bbox 458 1130 641 1212; x_wconf 74' lang='lat' dir='ltr'><strong>amphoram</strong></span> <span class='ocrx_word' id='word_1_63' title='bbox 669 1148 753 1213; x_wconf 87' lang='lat' dir='ltr'><strong>aqua</strong></span> <span class='ocrx_word' id='word_1_64' title='bbox 783 1135 905 1194; x_wconf 85' lang='lat' dir='ltr'><strong>receuti</strong></span> <span class='ocrx_word' id='word_1_65' title='bbox 935 1133 1078 1215; x_wconf 85' lang='lat' dir='ltr'><strong>plenam,</strong></span> <span class='ocrx_word' id='word_1_66' title='bbox 1105 1152 1200 1217; x_wconf 87' lang='lat' dir='ltr'><strong>quarn</strong></span> <span class='ocrx_word' id='word_1_67' title='bbox 1230 1135 1347 1200; x_wconf 81' lang='lat' dir='ltr'><strong>tulerat</strong></span> 
     </span>
     <span class='ocr_line' id='line_1_8' title="bbox 175 1232 1409 1339; baseline 0.006 -42"><span class='ocrx_word' id='word_1_68' title='bbox 175 1234 347 1319; x_wconf 83' lang='lat' dir='ltr'><strong>exaliqua</strong></span> <span class='ocrx_word' id='word_1_69' title='bbox 373 1235 574 1298; x_wconf 88' lang='lat' dir='ltr'><strong>ionteuchis</strong></span> <span class='ocrx_word' id='word_1_70' title='bbox 602 1236 776 1316; x_wconf 83' lang='lat' dir='ltr'><strong>incognito.</strong></span> <span class='ocrx_word' id='word_1_71' title='bbox 818 1236 937 1299; x_wconf 84' lang='lat' dir='ltr'><strong>Vinum</strong></span> <span class='ocrx_word' id='word_1_72' title='bbox 966 1254 1045 1320; x_wconf 77' lang='lat' dir='ltr'><strong>ergo</strong></span> <span class='ocrx_word' id='word_1_73' title='bbox 1071 1256 1158 1322; x_wconf 84' lang='lat' dir='ltr'><strong>aqua</strong></span> <span class='ocrx_word' id='word_1_74' title='bbox 1183 1232 1346 1323; x_wconf 83' lang='lat' dir='ltr'><strong>tempera-</strong></span> <span class='ocrx_word' id='word_1_75' title='bbox 1391 1301 1409 1339; x_wconf 76' lang='lat' dir='ltr'><strong>a</strong></span> 
     </span>
     <span class='ocr_line' id='line_1_9' title="bbox 169 1339 1504 1428; baseline 0.005 -25"><span class='ocrx_word' id='word_1_76' title='bbox 169 1342 282 1404; x_wconf 83' lang='lat' dir='ltr'><strong>vimus</strong></span> <span class='ocrx_word' id='word_1_77' title='bbox 308 1349 340 1402; x_wconf 86' lang='lat' dir='ltr'><strong>et</strong></span> <span class='ocrx_word' id='word_1_78' title='bbox 361 1348 438 1422; x_wconf 92' lang='lat' dir='ltr'><strong>potu</strong></span> <span class='ocrx_word' id='word_1_79' title='bbox 460 1353 501 1402; x_wconf 83' lang='lat' dir='ltr'><strong>ac</strong></span> <span class='ocrx_word' id='word_1_80' title='bbox 522 1340 586 1415; x_wconf 82' lang='lat' dir='ltr'><strong>(b)</strong></span> <span class='ocrx_word' id='word_1_81' title='bbox 608 1339 680 1401; x_wconf 90' lang='lat' dir='ltr'><strong>cibo</strong></span> <span class='ocrx_word' id='word_1_82' title='bbox 701 1341 834 1422; x_wconf 84' lang='lat' dir='ltr'><strong>penitus</strong></span> <span class='ocrx_word' id='word_1_83' title='bbox 855 1344 1042 1425; x_wconf 84' lang='lat' dir='ltr'><strong>corrsumtis,</strong></span> <span class='ocrx_word' id='word_1_84' title='bbox 1061 1343 1156 1419; x_wconf 82' lang='lat' dir='ltr'><strong>etiarn</strong></span> <span class='ocrx_word' id='word_1_85' title='bbox 1178 1344 1346 1428; x_wconf 81' lang='lat' dir='ltr'><strong>usquead</strong></span> <span class='ocrx_word' id='word_1_86' title='bbox 1399 1365 1402 1372; x_wconf 73' lang='grc'>’</span> <span class='ocrx_word' id='word_1_87' title='bbox 1502 1405 1504 1410; x_wconf 83' lang='grc'>.</span> 
     </span>
     <span class='ocr_line' id='line_1_10' title="bbox 172 1445 1342 1526; baseline 0.003 -18"><span class='ocrx_word' id='word_1_88' title='bbox 172 1453 301 1508; x_wconf 88' lang='lat' dir='ltr'><strong>crustas</strong></span> <span class='ocrx_word' id='word_1_89' title='bbox 319 1452 352 1507; x_wconf 89' lang='lat' dir='ltr'><strong>et</strong></span> <span class='ocrx_word' id='word_1_90' title='bbox 373 1445 607 1519; x_wconf 82' lang='lat' dir='ltr'><strong>minutissimas</strong></span> <span class='ocrx_word' id='word_1_91' title='bbox 627 1445 748 1526; x_wconf 85' lang='lat' dir='ltr'><strong>micas,</strong></span> <span class='ocrx_word' id='word_1_92' title='bbox 766 1447 918 1509; x_wconf 78' lang='lat' dir='ltr'><strong>courvivio</strong></span> <span class='ocrx_word' id='word_1_93' title='bbox 939 1445 1036 1509; x_wconf 84' lang='lat' dir='ltr'><strong>tinem</strong></span> <span class='ocrx_word' id='word_1_94' title='bbox 1059 1446 1206 1518; x_wconf 82' lang='lat' dir='ltr'><strong>iacimus.</strong></span> <span class='ocrx_word' id='word_1_95' title='bbox 1234 1449 1342 1512; x_wconf 84' lang='lat' dir='ltr'><strong>Nuru-</strong></span> 
     </span>
     <span class='ocr_line' id='line_1_11' title="bbox 170 1548 1344 1640; baseline 0.004 -29"><span class='ocrx_word' id='word_1_96' title='bbox 170 1567 267 1632; x_wconf 84' lang='lat' dir='ltr'><strong>quam</strong></span> <span class='ocrx_word' id='word_1_97' title='bbox 289 1567 349 1631; x_wconf 90' lang='lat' dir='ltr'><strong>per</strong></span> <span class='ocrx_word' id='word_1_98' title='bbox 369 1556 467 1610; x_wconf 89' lang='lat' dir='ltr'><strong>totam</strong></span> <span class='ocrx_word' id='word_1_99' title='bbox 489 1548 780 1631; x_wconf 80' lang='lat' dir='ltr'><strong>peregrinationem</strong></span> <span class='ocrx_word' id='word_1_100' title='bbox 803 1567 906 1620; x_wconf 87' lang='lat' dir='ltr'><strong>meam</strong></span> <span class='ocrx_word' id='word_1_101' title='bbox 937 1551 997 1613; x_wconf 87' lang='lat' dir='ltr'><strong>init</strong></span> <span class='ocrx_word' id='word_1_102' title='bbox 1026 1559 1138 1633; x_wconf 83' lang='lat' dir='ltr'><strong>sporta</strong></span> <span class='ocrx_word' id='word_1_103' title='bbox 1169 1569 1242 1640; x_wconf 71' lang='lat' dir='ltr'><strong>raca</strong></span> <span class='ocrx_word' id='word_1_104' title='bbox 1263 1551 1344 1617; x_wconf 88' lang='lat' dir='ltr'><strong>adeo</strong></span> 
     </span>
     <span class='ocr_line' id='line_1_12' title="bbox 168 1639 1455 1739; baseline 0.001 -23"><span class='ocrx_word' id='word_1_105' title='bbox 168 1661 327 1716; x_wconf 86' lang='lat' dir='ltr'><strong>evacuata</strong></span> <span class='ocrx_word' id='word_1_106' title='bbox 347 1661 378 1714; x_wconf 87' lang='lat' dir='ltr'><strong>et</strong></span> <span class='ocrx_word' id='word_1_107' title='bbox 395 1651 560 1733; x_wconf 83' lang='lat' dir='ltr'><strong>muudota&#39;,</strong></span> <span class='ocrx_word' id='word_1_108' title='bbox 574 1652 658 1714; x_wconf 89' lang='lat' dir='ltr'><strong>sicut</strong></span> <span class='ocrx_word' id='word_1_109' title='bbox 681 1653 736 1715; x_wconf 91' lang='lat' dir='ltr'><strong>ihi.</strong></span> <span class='ocrx_word' id='word_1_110' title='bbox 765 1655 954 1718; x_wconf 87' lang='lat' dir='ltr'><strong>intereosoi</strong></span> <span class='ocrx_word' id='word_1_111' title='bbox 977 1654 1139 1719; x_wconf 85' lang='lat' dir='ltr'><strong>declinare</strong></span> <span class='ocrx_word' id='word_1_112' title='bbox 1159 1639 1349 1739; x_wconf 84' lang='lat' dir='ltr'><strong>incipiebat,-</strong></span> <span class='ocrx_word' id='word_1_113' title='bbox 1371 1665 1375 1672; x_wconf 90' lang='lat'>&#39;</span> <span class='ocrx_word' id='word_1_114' title='bbox 1452 1703 1455 1708; x_wconf 88' lang='lat'><em>.</em></span> 
     </span>
     <span class='ocr_line' id='line_1_13' title="bbox 170 1749 1346 1847; baseline 0.001 -26"><span class='ocrx_word' id='word_1_115' title='bbox 170 1755 206 1821; x_wconf 87' lang='lat' dir='ltr'><strong>e&#39;t</strong></span> <span class='ocrx_word' id='word_1_116' title='bbox 228 1759 438 1824; x_wconf 70' lang='lat' dir='ltr'><strong>hortabamur</strong></span> <span class='ocrx_word' id='word_1_117' title='bbox 451 1773 512 1818; x_wconf 89' lang='lat' dir='ltr'><strong>uos</strong></span> <span class='ocrx_word' id='word_1_118' title='bbox 525 1749 653 1818; x_wconf 78' lang='lat' dir='ltr'><strong>Arabes</strong></span> <span class='ocrx_word' id='word_1_119' title='bbox 669 1755 710 1819; x_wconf 88' lang='lat' dir='ltr'><strong>ad</strong></span> <span class='ocrx_word' id='word_1_120' title='bbox 731 1753 934 1847; x_wconf 83' lang='lat' dir='ltr'><strong>descensum,</strong></span> <span class='ocrx_word' id='word_1_121' title='bbox 949 1768 1120 1842; x_wconf 83' lang='lat' dir='ltr'><strong>antequam</strong></span> <span class='ocrx_word' id='word_1_122' title='bbox 1142 1758 1192 1823; x_wconf 81' lang='lat' dir='ltr'><strong>soi</strong></span> <span class='ocrx_word' id='word_1_123' title='bbox 1213 1777 1346 1823; x_wconf 82' lang='lat' dir='ltr'><strong>oceum-</strong></span> 
     </span>
     <span class='ocr_line' id='line_1_14' title="bbox 173 1861 1344 1947; baseline 0 -19"><span class='ocrx_word' id='word_1_124' title='bbox 173 1865 277 1928; x_wconf 88' lang='lat' dir='ltr'><strong>beret.</strong></span> <span class='ocrx_word' id='word_1_125' title='bbox 318 1861 526 1927; x_wconf 79' lang='lat' dir='ltr'><strong>surreximus</strong></span> <span class='ocrx_word' id='word_1_126' title='bbox 554 1870 691 1942; x_wconf 85' lang='lat' dir='ltr'><strong>ergoet</strong></span> <span class='ocrx_word' id='word_1_127' title='bbox 722 1862 880 1926; x_wconf 89' lang='lat' dir='ltr'><strong>currendo</strong></span> <span class='ocrx_word' id='word_1_128' title='bbox 908 1875 1041 1947; x_wconf 88' lang='lat' dir='ltr'><strong>repente</strong></span> <span class='ocrx_word' id='word_1_129' title='bbox 1064 1863 1290 1928; x_wconf 68' lang='lat' dir='ltr'><strong>decucurrimus</strong></span> <span class='ocrx_word' id='word_1_130' title='bbox 1310 1871 1344 1928; x_wconf 91' lang='lat' dir='ltr'><strong>et</strong></span> 
     </span>
     <span class='ocr_line' id='line_1_15' title="bbox 168 1950 1345 2056; baseline 0.003 -25"><span class='ocrx_word' id='word_1_131' title='bbox 168 1968 242 2032; x_wconf 88' lang='lat' dir='ltr'><strong>sole</strong></span> <span class='ocrx_word' id='word_1_132' title='bbox 262 1969 324 2030; x_wconf 87' lang='lat' dir='ltr'><strong>ium</strong></span> <span class='ocrx_word' id='word_1_133' title='bbox 348 1983 455 2030; x_wconf 87' lang='lat' dir='ltr'><strong>merso</strong></span> <span class='ocrx_word' id='word_1_134' title='bbox 475 1964 516 2027; x_wconf 93' lang='lat' dir='ltr'><strong>ad</strong></span> <span class='ocrx_word' id='word_1_135' title='bbox 540 1965 658 2056; x_wconf 77' lang='lat' dir='ltr'><strong>iratres</strong></span> <span class='ocrx_word' id='word_1_136' title='bbox 690 1974 819 2029; x_wconf 86' lang='lat' dir='ltr'><strong>uestros</strong></span> <span class='ocrx_word' id='word_1_137' title='bbox 834 1950 1032 2032; x_wconf 70' lang='lat' dir='ltr'><strong>&#39;reveuimus</strong></span> <span class='ocrx_word' id='word_1_138' title='bbox 1061 1971 1095 2032; x_wconf 94' lang='lat' dir='ltr'><strong>iu</strong></span> <span class='ocrx_word' id='word_1_139' title='bbox 1116 1969 1345 2034; x_wconf 85' lang='lat' dir='ltr'><strong>monasterium</strong></span> 
     </span>
     <span class='ocr_line' id='line_1_16' title="bbox 168 2069 1345 2156; baseline 0 -20"><span class='ocrx_word' id='word_1_140' title='bbox 168 2071 214 2137; x_wconf 88' lang='lat' dir='ltr'><strong>ad</strong></span> <span class='ocrx_word' id='word_1_141' title='bbox 237 2073 297 2134; x_wconf 75' lang='lat' dir='ltr'><strong>Xh</strong></span> <span class='ocrx_word' id='word_1_142' title='bbox 318 2071 470 2134; x_wconf 79' lang='lat' dir='ltr'><strong>sanctos.</strong></span> <span class='ocrx_word' id='word_1_143' title='bbox 513 2069 695 2152; x_wconf 75' lang='lat' dir='ltr'><strong>Descriptio</strong></span> <span class='ocrx_word' id='word_1_144' title='bbox 723 2071 843 2136; x_wconf 85' lang='lat' dir='ltr'><strong>montis</strong></span> <span class='ocrx_word' id='word_1_145' title='bbox 862 2081 894 2136; x_wconf 87' lang='lat' dir='ltr'><strong>et</strong></span> <span class='ocrx_word' id='word_1_146' title='bbox 922 2073 984 2138; x_wconf 85' lang='lat' dir='ltr'><strong>loct</strong></span> <span class='ocrx_word' id='word_1_147' title='bbox 1006 2073 1175 2156; x_wconf 71' lang='lat' dir='ltr'><strong>dispositio</strong></span> <span class='ocrx_word' id='word_1_148' title='bbox 1195 2074 1345 2154; x_wconf 82' lang='lat' dir='ltr'><strong>superior</strong></span> 
     </span>
     <span class='ocr_line' id='line_1_17' title="bbox 168 2175 583 2260; baseline -0.01 -21"><span class='ocrx_word' id='word_1_149' title='bbox 168 2177 289 2260; x_wconf 84' lang='lat' dir='ltr'><strong>patebit</strong></span> <span class='ocrx_word' id='word_1_150' title='bbox 308 2177 341 2241; x_wconf 93' lang='lat' dir='ltr'><strong>in</strong></span> <span class='ocrx_word' id='word_1_151' title='bbox 363 2175 583 2258; x_wconf 84' lang='lat' dir='ltr'><strong>sequentibus.</strong></span> 
     </span>
    </p>
   </div>
   <div class='ocr_carea' id='block_1_2' title="bbox 423 2335 1096 2416">
    <p class='ocr_par' dir='ltr' id='par_1_2' title="bbox 423 2335 1096 2416">
     <span class='ocr_line' id='line_1_18' title="bbox 423 2335 1096 2416; baseline -0.003 0"><span class='ocrx_word' id='word_1_152' title='bbox 423 2341 618 2416; x_wconf 79' lang='lat' dir='ltr'><strong>Ascensus</strong></span> <span class='ocrx_word' id='word_1_153' title='bbox 642 2336 774 2414; x_wconf 80' lang='lat' dir='ltr'><strong>montis</strong></span> <span class='ocrx_word' id='word_1_154' title='bbox 796 2335 838 2412; x_wconf 85' lang='lat' dir='ltr'><strong>S.</strong></span> <span class='ocrx_word' id='word_1_155' title='bbox 864 2335 1096 2416; x_wconf 83' lang='lat' dir='ltr'><strong>Cothuriuee.</strong></span> 
     </span>
    </p>
   </div>
   <div class='ocr_carea' id='block_1_3' title="bbox 218 2439 1341 2573">
    <p class='ocr_par' dir='ltr' id='par_1_3' title="bbox 218 2439 1341 2573">
     <span class='ocr_line' id='line_1_19' title="bbox 218 2439 1341 2573; baseline 0.005 -22"><span class='ocrx_word' id='word_1_156' title='bbox 218 2439 415 2551; x_wconf 64' lang='lat' dir='ltr'><strong>¹hircesirnn</strong></span> <span class='ocrx_word' id='word_1_157' title='bbox 441 2487 556 2571; x_wconf 82' lang='lat' dir='ltr'><strong>quinta</strong></span> <span class='ocrx_word' id='word_1_158' title='bbox 588 2484 657 2567; x_wconf 88' lang='lat' dir='ltr'><strong>die,</strong></span> <span class='ocrx_word' id='word_1_159' title='bbox 686 2493 857 2568; x_wconf 87' lang='lat' dir='ltr'><strong>autequam</strong></span> <span class='ocrx_word' id='word_1_160' title='bbox 890 2485 1110 2573; x_wconf 83' lang='lat' dir='ltr'><strong>illucesceret,</strong></span> <span class='ocrx_word' id='word_1_161' title='bbox 1138 2465 1341 2557; x_wconf 22' lang='lat' dir='ltr'><strong>surreximus*</strong></span> 
     </span>
    </p>
   </div>
   <div class='ocr_carea' id='block_1_4' title="bbox 1 2587 1397 4444">
    <p class='ocr_par' dir='ltr' id='par_1_4' title="bbox 1 2587 1397 4444">
     <span class='ocr_line' id='line_1_20' title="bbox 168 2587 1342 2677; baseline 0.003 -23"><span class='ocrx_word' id='word_1_162' title='bbox 168 2589 210 2654; x_wconf 89' lang='lat' dir='ltr'><strong>de</strong></span> <span class='ocrx_word' id='word_1_163' title='bbox 231 2599 327 2674; x_wconf 84' lang='lat' dir='ltr'><strong>terra,</strong></span> <span class='ocrx_word' id='word_1_164' title='bbox 347 2594 380 2654; x_wconf 94' lang='lat' dir='ltr'><strong>iu</strong></span> <span class='ocrx_word' id='word_1_165' title='bbox 403 2609 467 2675; x_wconf 87' lang='lat' dir='ltr'><strong>qua</strong></span> <span class='ocrx_word' id='word_1_166' title='bbox 488 2591 550 2654; x_wconf 85' lang='lat' dir='ltr'><strong>suh</strong></span> <span class='ocrx_word' id='word_1_167' title='bbox 579 2587 631 2654; x_wconf 92' lang='lat' dir='ltr'><strong>dio</strong></span> <span class='ocrx_word' id='word_1_168' title='bbox 653 2588 835 2672; x_wconf 83' lang='lat' dir='ltr'><strong>quievimus</strong></span> <span class='ocrx_word' id='word_1_169' title='bbox 855 2589 888 2652; x_wconf 89' lang='lat' dir='ltr'><strong>iu</strong></span> <span class='ocrx_word' id='word_1_170' title='bbox 910 2593 1000 2655; x_wconf 87' lang='lat' dir='ltr'><strong>ouria</strong></span> <span class='ocrx_word' id='word_1_171' title='bbox 1020 2595 1224 2677; x_wconf 83' lang='lat' dir='ltr'><strong>monasterii,</strong></span> <span class='ocrx_word' id='word_1_172' title='bbox 1251 2605 1288 2658; x_wconf 84' lang='lat' dir='ltr'><strong>ut</strong></span> <span class='ocrx_word' id='word_1_173' title='bbox 1308 2596 1342 2658; x_wconf 92' lang='lat' dir='ltr'><strong>in</strong></span> 
     </span>
     <span class='ocr_line' id='line_1_21' title="bbox 1 2679 1397 2782; baseline 0.005 -25"><span class='ocrx_word' id='word_1_174' title='bbox 1 2759 2 2778; x_wconf 14' lang='grc' dir='ltr'>χ</span> <span class='ocrx_word' id='word_1_175' title='bbox 169 2703 309 2760; x_wconf 84' lang='lat' dir='ltr'><strong>montem</strong></span> <span class='ocrx_word' id='word_1_176' title='bbox 342 2697 456 2759; x_wconf 89' lang='lat' dir='ltr'><strong>iterum</strong></span> <span class='ocrx_word' id='word_1_177' title='bbox 485 2691 736 2758; x_wconf 86' lang='lat' dir='ltr'><strong>ascenderemus</strong></span> <span class='ocrx_word' id='word_1_178' title='bbox 764 2709 837 2755; x_wconf 88' lang='lat' dir='ltr'><strong>cum</strong></span> <span class='ocrx_word' id='word_1_179' title='bbox 866 2693 1017 2759; x_wconf 75' lang='lat' dir='ltr'><strong>iratribus</strong></span> <span class='ocrx_word' id='word_1_180' title='bbox 1039 2700 1176 2782; x_wconf 89' lang='lat' dir='ltr'><strong>uostris,</strong></span> <span class='ocrx_word' id='word_1_181' title='bbox 1199 2701 1255 2782; x_wconf 87' lang='lat' dir='ltr'><strong>qui</strong></span> <span class='ocrx_word' id='word_1_182' title='bbox 1274 2685 1344 2764; x_wconf 79' lang='lat' dir='ltr'><strong>beri</strong></span> <span class='ocrx_word' id='word_1_183' title='bbox 1395 2679 1397 2684; x_wconf 30' lang='lat'>⁸</span> 
     </span>
     <span class='ocr_line' id='line_1_22' title="bbox 31 2796 1397 2885; baseline 0.004 -24"><span class='ocrx_word' id='word_1_184' title='bbox 31 2809 34 2814; x_wconf 85' lang='grc'><strong><em>’</em></strong></span> <span class='ocrx_word' id='word_1_185' title='bbox 169 2809 400 2864; x_wconf 85' lang='lat' dir='ltr'><strong>remanserant.</strong></span> <span class='ocrx_word' id='word_1_186' title='bbox 427 2800 568 2864; x_wconf 87' lang='lat' dir='ltr'><strong>-Verum</strong></span> <span class='ocrx_word' id='word_1_187' title='bbox 598 2798 700 2880; x_wconf 83' lang='lat' dir='ltr'><strong>maj0r</strong></span> <span class='ocrx_word' id='word_1_188' title='bbox 722 2815 798 2881; x_wconf 87' lang='lat' dir='ltr'><strong>pars</strong></span> <span class='ocrx_word' id='word_1_189' title='bbox 818 2796 965 2882; x_wconf 81' lang='lat' dir='ltr'><strong>iliorum,</strong></span> <span class='ocrx_word' id='word_1_190' title='bbox 986 2801 1041 2884; x_wconf 88' lang='lat' dir='ltr'><strong>qui</strong></span> <span class='ocrx_word' id='word_1_191' title='bbox 1062 2804 1152 2885; x_wconf 85' lang='lat' dir='ltr'><strong>prius</strong></span> <span class='ocrx_word' id='word_1_192' title='bbox 1179 2804 1213 2865; x_wconf 94' lang='lat' dir='ltr'><strong>iu</strong></span> <span class='ocrx_word' id='word_1_193' title='bbox 1235 2811 1343 2866; x_wconf 89' lang='lat' dir='ltr'><strong>monta</strong></span> <span class='ocrx_word' id='word_1_194' title='bbox 1395 2801 1397 2808; x_wconf 88' lang='grc'><strong>’</strong></span> 
     </span>
     <span class='ocr_line' id='line_1_23' title="bbox 120 2891 1342 2988; baseline 0.003 -22"><span class='ocrx_word' id='word_1_195' title='bbox 120 2891 125 2900; x_wconf 73' lang='grc'>’</span> <span class='ocrx_word' id='word_1_196' title='bbox 171 2903 314 2984; x_wconf 81' lang='lat' dir='ltr'><strong>inerant,</strong></span> <span class='ocrx_word' id='word_1_197' title='bbox 337 2906 456 2968; x_wconf 89' lang='lat' dir='ltr'><strong>mansit</strong></span> <span class='ocrx_word' id='word_1_198' title='bbox 487 2905 521 2967; x_wconf 89' lang='lat' dir='ltr'><strong>iu</strong></span> <span class='ocrx_word' id='word_1_199' title='bbox 543 2903 663 2987; x_wconf 84' lang='lat' dir='ltr'><strong>quiete.</strong></span> <span class='ocrx_word' id='word_1_200' title='bbox 704 2902 930 2966; x_wconf 83' lang='lat' dir='ltr'><strong>Assumsiuaus</strong></span> <span class='ocrx_word' id='word_1_201' title='bbox 961 2922 1039 2988; x_wconf 86' lang='lat' dir='ltr'><strong>ergo</strong></span> <span class='ocrx_word' id='word_1_202' title='bbox 1072 2922 1188 2969; x_wconf 86' lang='lat' dir='ltr'><strong>servus</strong></span> <span class='ocrx_word' id='word_1_203' title='bbox 1214 2906 1342 2970; x_wconf 81' lang='lat' dir='ltr'><strong>Arabes</strong></span> 
     </span>
     <span class='ocr_line' id='line_1_24' title="bbox 169 3007 1342 3094; baseline 0.005 -25"><span class='ocrx_word' id='word_1_204' title='bbox 169 3015 203 3070; x_wconf 80' lang='lat' dir='ltr'><strong>et</strong></span> <span class='ocrx_word' id='word_1_205' title='bbox 225 3007 383 3070; x_wconf 75' lang='lat' dir='ltr'><strong>asinario·</strong></span> <span class='ocrx_word' id='word_1_206' title='bbox 405 3017 439 3072; x_wconf 88' lang='lat' dir='ltr'><strong>et</strong></span> <span class='ocrx_word' id='word_1_207' title='bbox 463 3013 593 3092; x_wconf 85' lang='lat' dir='ltr'><strong>sportas</strong></span> <span class='ocrx_word' id='word_1_208' title='bbox 614 3023 685 3070; x_wconf 91' lang='lat' dir='ltr'><strong>cum</strong></span> <span class='ocrx_word' id='word_1_209' title='bbox 708 3007 853 3088; x_wconf 82' lang='lat' dir='ltr'><strong>cibariis,</strong></span> <span class='ocrx_word' id='word_1_210' title='bbox 875 3007 1046 3089; x_wconf 83' lang='lat' dir='ltr'><strong>amphoras</strong></span> <span class='ocrx_word' id='word_1_211' title='bbox 1077 3026 1150 3074; x_wconf 86' lang='lat' dir='ltr'><strong>curu</strong></span> <span class='ocrx_word' id='word_1_212' title='bbox 1172 3029 1257 3094; x_wconf 82' lang='lat' dir='ltr'><strong>aqua</strong></span> <span class='ocrx_word' id='word_1_213' title='bbox 1292 3014 1342 3075; x_wconf 85' lang='lat' dir='ltr'><strong>ets</strong></span> 
     </span>
     <span class='ocr_line' id='line_1_25' title="bbox 169 3109 1342 3195; baseline 0.005 -21"><span class='ocrx_word' id='word_1_214' title='bbox 169 3110 381 3194; x_wconf 85' lang='lat' dir='ltr'><strong>imposuimus</strong></span> <span class='ocrx_word' id='word_1_215' title='bbox 402 3121 434 3174; x_wconf 89' lang='lat' dir='ltr'><strong>et</strong></span> <span class='ocrx_word' id='word_1_216' title='bbox 455 3112 704 3195; x_wconf 76' lang='lat' dir='ltr'><strong>praecedentem</strong></span> <span class='ocrx_word' id='word_1_217' title='bbox 722 3111 852 3174; x_wconf 79' lang='lat' dir='ltr'><strong>fratrem</strong></span> <span class='ocrx_word' id='word_1_218' title='bbox 869 3109 1082 3176; x_wconf 78' lang='lat' dir='ltr'><strong>Nicodemum</strong></span> <span class='ocrx_word' id='word_1_219' title='bbox 1103 3116 1210 3179; x_wconf 87' lang='lat' dir='ltr'><strong>secuti</strong></span> <span class='ocrx_word' id='word_1_220' title='bbox 1228 3131 1342 3180; x_wconf 80' lang='lat' dir='ltr'><strong>sumus</strong></span> 
     </span>
     <span class='ocr_line' id='line_1_26' title="bbox 168 3213 1342 3300; baseline 0.003 -22"><span class='ocrx_word' id='word_1_221' title='bbox 168 3213 349 3278; x_wconf 85' lang='lat' dir='ltr'><strong>lentissimo</strong></span> <span class='ocrx_word' id='word_1_222' title='bbox 363 3214 464 3298; x_wconf 78' lang='lat' dir='ltr'><strong>gradu</strong></span> <span class='ocrx_word' id='word_1_223' title='bbox 478 3227 608 3300; x_wconf 89' lang='lat' dir='ltr'><strong>propter</strong></span> <span class='ocrx_word' id='word_1_224' title='bbox 621 3226 749 3280; x_wconf 87' lang='lat' dir='ltr'><strong>teneres</strong></span> <span class='ocrx_word' id='word_1_225' title='bbox 762 3225 795 3279; x_wconf 88' lang='lat' dir='ltr'><strong>et</strong></span> <span class='ocrx_word' id='word_1_226' title='bbox 815 3215 966 3278; x_wconf 81' lang='lat' dir='ltr'><strong>infirmos.</strong></span> <span class='ocrx_word' id='word_1_227' title='bbox 994 3217 1054 3279; x_wconf 83' lang='lat' dir='ltr'><strong>list</strong></span> <span class='ocrx_word' id='word_1_228' title='bbox 1068 3225 1174 3284; x_wconf 87' lang='lat' dir='ltr'><strong>autem</strong></span> <span class='ocrx_word' id='word_1_229' title='bbox 1189 3236 1211 3283; x_wconf 88' lang='lat' dir='ltr'><strong>a</strong></span> <span class='ocrx_word' id='word_1_230' title='bbox 1228 3236 1342 3282; x_wconf 77' lang='lat' dir='ltr'><strong>mona-</strong></span> 
     </span>
     <span class='ocr_line' id='line_1_27' title="bbox 168 3320 1343 3410; baseline 0.002 -26"><span class='ocrx_word' id='word_1_231' title='bbox 168 3320 269 3384; x_wconf 87' lang='lat' dir='ltr'><strong>sterio</strong></span> <span class='ocrx_word' id='word_1_232' title='bbox 298 3322 437 3402; x_wconf 85' lang='lat' dir='ltr'><strong>spatium</strong></span> <span class='ocrx_word' id='word_1_233' title='bbox 465 3322 546 3384; x_wconf 86' lang='lat' dir='ltr'><strong>satis</strong></span> <span class='ocrx_word' id='word_1_234' title='bbox 575 3321 707 3410; x_wconf 77' lang='lat' dir='ltr'><strong>tongum</strong></span> <span class='ocrx_word' id='word_1_235' title='bbox 734 3340 793 3404; x_wconf 85' lang='lat' dir='ltr'><strong>per</strong></span> <span class='ocrx_word' id='word_1_236' title='bbox 819 3320 930 3383; x_wconf 84' lang='lat' dir='ltr'><strong>hortea</strong></span> <span class='ocrx_word' id='word_1_237' title='bbox 959 3329 991 3383; x_wconf 88' lang='lat' dir='ltr'><strong>et</strong></span> <span class='ocrx_word' id='word_1_238' title='bbox 1012 3323 1156 3386; x_wconf 79' lang='lat' dir='ltr'><strong>arbusta·</strong></span> <span class='ocrx_word' id='word_1_239' title='bbox 1169 3341 1274 3406; x_wconf 82' lang='lat' dir='ltr'><strong>usque</strong></span> <span class='ocrx_word' id='word_1_240' title='bbox 1300 3321 1343 3386; x_wconf 85' lang='lat' dir='ltr'><strong>ad</strong></span> 
     </span>
     <span class='ocr_line' id='line_1_28' title="bbox 167 3424 1343 3509; baseline 0.003 -21"><span class='ocrx_word' id='word_1_241' title='bbox 167 3425 287 3488; x_wconf 87' lang='lat' dir='ltr'><strong>ruoutis</strong></span> <span class='ocrx_word' id='word_1_242' title='bbox 308 3424 439 3507; x_wconf 84' lang='lat' dir='ltr'><strong>clivum,</strong></span> <span class='ocrx_word' id='word_1_243' title='bbox 453 3444 513 3508; x_wconf 87' lang='lat' dir='ltr'><strong>per</strong></span> <span class='ocrx_word' id='word_1_244' title='bbox 532 3424 619 3509; x_wconf 85' lang='lat' dir='ltr'><strong>quod</strong></span> <span class='ocrx_word' id='word_1_245' title='bbox 632 3424 838 3489; x_wconf 75' lang='lat' dir='ltr'><strong>ascendimus</strong></span> <span class='ocrx_word' id='word_1_246' title='bbox 859 3443 930 3488; x_wconf 87' lang='lat' dir='ltr'><strong>cum</strong></span> <span class='ocrx_word' id='word_1_247' title='bbox 945 3425 1043 3488; x_wconf 78' lang='lat' dir='ltr'><strong>tunes</strong></span> <span class='ocrx_word' id='word_1_248' title='bbox 1062 3426 1229 3491; x_wconf 84' lang='lat' dir='ltr'><strong>beneflcio.</strong></span> <span class='ocrx_word' id='word_1_249' title='bbox 1258 3425 1343 3490; x_wconf 76' lang='lat' dir='ltr'><strong>cnm</strong></span> 
     </span>
     <span class='ocr_line' id='line_1_29' title="bbox 167 3529 1342 3612; baseline 0 -20"><span class='ocrx_word' id='word_1_250' title='bbox 167 3539 276 3593; x_wconf 85' lang='lat' dir='ltr'><strong>autern</strong></span> <span class='ocrx_word' id='word_1_251' title='bbox 307 3529 349 3592; x_wconf 93' lang='lat' dir='ltr'><strong>ad</strong></span> <span class='ocrx_word' id='word_1_252' title='bbox 380 3531 498 3593; x_wconf 87' lang='lat' dir='ltr'><strong>montis</strong></span> <span class='ocrx_word' id='word_1_253' title='bbox 526 3529 646 3592; x_wconf 83' lang='lat' dir='ltr'><strong>clivum</strong></span> <span class='ocrx_word' id='word_1_254' title='bbox 674 3530 897 3610; x_wconf 85' lang='lat' dir='ltr'><strong>venissemus,</strong></span> <span class='ocrx_word' id='word_1_255' title='bbox 924 3531 1117 3594; x_wconf 81' lang='lat' dir='ltr'><strong>intravimus</strong></span> <span class='ocrx_word' id='word_1_256' title='bbox 1144 3529 1342 3612; x_wconf 86' lang='lat' dir='ltr'><strong>crepidinem</strong></span> 
     </span>
     <span class='ocr_line' id='line_1_30' title="bbox 167 3631 1343 3718; baseline 0.003 -24"><span class='ocrx_word' id='word_1_257' title='bbox 167 3631 330 3718; x_wconf 81' lang='lat' dir='ltr'><strong>quandam</strong></span> <span class='ocrx_word' id='word_1_258' title='bbox 351 3633 469 3696; x_wconf 85' lang='lat' dir='ltr'><strong>montis</strong></span> <span class='ocrx_word' id='word_1_259' title='bbox 499 3632 576 3696; x_wconf 76' lang='lat' dir='ltr'><strong>altu</strong></span> <span class='ocrx_word' id='word_1_260' title='bbox 598 3633 773 3716; x_wconf 86' lang='lat' dir='ltr'><strong>parietibus</strong></span> <span class='ocrx_word' id='word_1_261' title='bbox 793 3634 917 3716; x_wconf 91' lang='lat' dir='ltr'><strong>rupium</strong></span> <span class='ocrx_word' id='word_1_262' title='bbox 939 3633 1125 3698; x_wconf 86' lang='lat' dir='ltr'><strong>conclusam</strong></span> <span class='ocrx_word' id='word_1_263' title='bbox 1147 3642 1181 3698; x_wconf 89' lang='lat' dir='ltr'><strong>et</strong></span> <span class='ocrx_word' id='word_1_264' title='bbox 1201 3633 1244 3696; x_wconf 89' lang='lat' dir='ltr'><strong>de</strong></span> <span class='ocrx_word' id='word_1_265' title='bbox 1264 3651 1343 3716; x_wconf 84' lang='lat' dir='ltr'><strong>puo-</strong></span> 
     </span>
     <span class='ocr_line' id='line_1_31' title="bbox 167 3724 1342 3820; baseline 0.001 -20"><span class='ocrx_word' id='word_1_266' title='bbox 167 3735 279 3801; x_wconf 82' lang='lat' dir='ltr'><strong>ihudis</strong></span> <span class='ocrx_word' id='word_1_267' title='bbox 301 3737 506 3801; x_wconf 72' lang='lat' dir='ltr'><strong>mmudiruns</strong></span> <span class='ocrx_word' id='word_1_268' title='bbox 527 3755 587 3820; x_wconf 91' lang='lat' dir='ltr'><strong>per</strong></span> <span class='ocrx_word' id='word_1_269' title='bbox 606 3737 693 3800; x_wconf 74' lang='lat' dir='ltr'><strong>virm</strong></span> <span class='ocrx_word' id='word_1_270' title='bbox 723 3724 856 3799; x_wconf 90' lang='lat' dir='ltr'><strong>muitum</strong></span> <span class='ocrx_word' id='word_1_271' title='bbox 878 3750 1042 3819; x_wconf 88' lang='lat' dir='ltr'><strong>asperam,</strong></span> <span class='ocrx_word' id='word_1_272' title='bbox 1064 3755 1126 3800; x_wconf 90' lang='lat' dir='ltr'><strong>ueo</strong></span> <span class='ocrx_word' id='word_1_273' title='bbox 1155 3740 1239 3801; x_wconf 87' lang='lat' dir='ltr'><strong>iuter</strong></span> <span class='ocrx_word' id='word_1_274' title='bbox 1260 3737 1342 3801; x_wconf 87' lang='lat' dir='ltr'><strong>haec</strong></span> 
     </span>
     <span class='ocr_line' id='line_1_32' title="bbox 166 3839 1343 3926; baseline 0 -22"><span class='ocrx_word' id='word_1_275' title='bbox 166 3841 276 3904; x_wconf 85' lang='lat' dir='ltr'><strong>ioman</strong></span> <span class='ocrx_word' id='word_1_276' title='bbox 297 3840 427 3926; x_wconf 82' lang='lat' dir='ltr'><strong>aliquod</strong></span> <span class='ocrx_word' id='word_1_277' title='bbox 447 3841 643 3918; x_wconf 85' lang='lat' dir='ltr'><strong>habuimus,</strong></span> <span class='ocrx_word' id='word_1_278' title='bbox 665 3843 743 3922; x_wconf 80' lang='lat' dir='ltr'><strong>quia</strong></span> <span class='ocrx_word' id='word_1_279' title='bbox 772 3839 916 3905; x_wconf 88' lang='lat' dir='ltr'><strong>conclusi</strong></span> <span class='ocrx_word' id='word_1_280' title='bbox 946 3840 1079 3923; x_wconf 85' lang='lat' dir='ltr'><strong>mpihus</strong></span> <span class='ocrx_word' id='word_1_281' title='bbox 1107 3840 1205 3906; x_wconf 83' lang='lat' dir='ltr'><strong>tunae</strong></span> <span class='ocrx_word' id='word_1_282' title='bbox 1234 3841 1343 3906; x_wconf 78' lang='lat' dir='ltr'><strong>lumen</strong></span> 
     </span>
     <span class='ocr_line' id='line_1_33' title="bbox 166 3944 1343 4036; baseline 0.002 -28"><span class='ocrx_word' id='word_1_283' title='bbox 166 3944 288 4008; x_wconf 85' lang='lat' dir='ltr'><strong>habere</strong></span> <span class='ocrx_word' id='word_1_284' title='bbox 308 3963 373 4008; x_wconf 90' lang='lat' dir='ltr'><strong>uou</strong></span> <span class='ocrx_word' id='word_1_285' title='bbox 393 3947 566 4028; x_wconf 85' lang='lat' dir='ltr'><strong>potuimus.</strong></span> <span class='ocrx_word' id='word_1_286' title='bbox 606 3947 890 4036; x_wconf 85' lang='lat' dir='ltr'><strong>Insuper·tautum</strong></span> <span class='ocrx_word' id='word_1_287' title='bbox 913 3944 1017 4028; x_wconf 76' lang='lat' dir='ltr'><strong>irigus</strong></span> <span class='ocrx_word' id='word_1_288' title='bbox 1038 3953 1108 4008; x_wconf 78' lang='lat' dir='ltr'><strong>erut</strong></span> <span class='ocrx_word' id='word_1_289' title='bbox 1127 3947 1161 4010; x_wconf 91' lang='lat' dir='ltr'><strong>io</strong></span> <span class='ocrx_word' id='word_1_290' title='bbox 1181 3946 1249 4010; x_wconf 81' lang='lat' dir='ltr'><strong>ista</strong></span> <span class='ocrx_word' id='word_1_291' title='bbox 1267 3963 1343 4009; x_wconf 84' lang='lat' dir='ltr'><strong>ore·</strong></span> 
     </span>
     <span class='ocr_line' id='line_1_34' title="bbox 165 4047 1343 4134; baseline 0.003 -24"><span class='ocrx_word' id='word_1_292' title='bbox 165 4047 287 4130; x_wconf 88' lang='lat' dir='ltr'><strong>pidine,</strong></span> <span class='ocrx_word' id='word_1_293' title='bbox 309 4057 347 4112; x_wconf 89' lang='lat' dir='ltr'><strong>ut</strong></span> <span class='ocrx_word' id='word_1_294' title='bbox 367 4048 517 4124; x_wconf 80' lang='lat' dir='ltr'><strong>dentibus</strong></span> <span class='ocrx_word' id='word_1_295' title='bbox 538 4049 762 4133; x_wconf 79' lang='lat' dir='ltr'><strong>atridemmus3</strong></span> <span class='ocrx_word' id='word_1_296' title='bbox 782 4048 967 4133; x_wconf 83' lang='lat' dir='ltr'><strong>optavimus</strong></span> <span class='ocrx_word' id='word_1_297' title='bbox 996 4048 1116 4113; x_wconf 86' lang='lat' dir='ltr'><strong>habere</strong></span> <span class='ocrx_word' id='word_1_298' title='bbox 1135 4051 1262 4134; x_wconf 60' lang='lat' dir='ltr'><strong>iguem</strong></span> <span class='ocrx_word' id='word_1_299' title='bbox 1282 4047 1343 4114; x_wconf 80' lang='lat' dir='ltr'><strong>aad</strong></span> 
     </span>
     <span class='ocr_line' id='line_1_35' title="bbox 167 4149 1343 4240; baseline 0.003 -29"><span class='ocrx_word' id='word_1_300' title='bbox 167 4149 271 4233; x_wconf 77' lang='lat' dir='ltr'><strong>igniis</strong></span> <span class='ocrx_word' id='word_1_301' title='bbox 290 4171 354 4216; x_wconf 90' lang='lat' dir='ltr'><strong>nou</strong></span> <span class='ocrx_word' id='word_1_302' title='bbox 376 4154 549 4219; x_wconf 84' lang='lat' dir='ltr'><strong>habuimus</strong></span> <span class='ocrx_word' id='word_1_303' title='bbox 571 4163 607 4218; x_wconf 91' lang='lat' dir='ltr'><strong>ut</strong></span> <span class='ocrx_word' id='word_1_304' title='bbox 633 4158 741 4240; x_wconf 76' lang='lat' dir='ltr'><strong>iguem</strong></span> <span class='ocrx_word' id='word_1_305' title='bbox 764 4155 955 4218; x_wconf 78' lang='lat' dir='ltr'><strong>taceremus.</strong></span> <span class='ocrx_word' id='word_1_306' title='bbox 1000 4151 1137 4231; x_wconf 80' lang='lat' dir='ltr'><strong>Quidem</strong></span> <span class='ocrx_word' id='word_1_307' title='bbox 1165 4163 1272 4218; x_wconf 87' lang='lat' dir='ltr'><strong>eutem</strong></span> <span class='ocrx_word' id='word_1_308' title='bbox 1301 4153 1343 4216; x_wconf 83' lang='lat' dir='ltr'><strong>da</strong></span> 
     </span>
     <span class='ocr_line' id='line_1_36' title="bbox 169 4252 1343 4342; baseline 0.004 -29"><span class='ocrx_word' id='word_1_309' title='bbox 169 4252 333 4318; x_wconf 83' lang='lat' dir='ltr'><strong>Arabibus</strong></span> <span class='ocrx_word' id='word_1_310' title='bbox 360 4260 560 4341; x_wconf 85' lang='lat' dir='ltr'><strong>compatiens</strong></span> <span class='ocrx_word' id='word_1_311' title='bbox 594 4258 846 4342; x_wconf 79' lang='lat' dir='ltr'><strong>frigescentibus</strong></span> <span class='ocrx_word' id='word_1_312' title='bbox 878 4258 1008 4341; x_wconf 71' lang='lat' dir='ltr'><strong>collegit</strong></span> <span class='ocrx_word' id='word_1_313' title='bbox 1040 4257 1195 4341; x_wconf 85' lang='lat' dir='ltr'><strong>quasdam</strong></span> <span class='ocrx_word' id='word_1_314' title='bbox 1225 4257 1343 4322; x_wconf 80' lang='lat' dir='ltr'><strong>herbas</strong></span> 
     </span>
     <span class='ocr_line' id='line_1_37' title="bbox 150 4357 1348 4444; baseline 0.001 -25"><span class='ocrx_word' id='word_1_315' title='bbox 150 4357 331 4431; x_wconf 70' lang='lat' dir='ltr'><strong>¹arefactas</strong></span> <span class='ocrx_word' id='word_1_316' title='bbox 350 4369 384 4424; x_wconf 85' lang='lat' dir='ltr'><strong>et</strong></span> <span class='ocrx_word' id='word_1_317' title='bbox 405 4361 554 4438; x_wconf 79' lang='lat' dir='ltr'><strong>manibus</strong></span> <span class='ocrx_word' id='word_1_318' title='bbox 576 4363 762 4432; x_wconf 73' lang='lat' dir='ltr'><strong>contricatis</strong></span> <span class='ocrx_word' id='word_1_319' title='bbox 794 4360 944 4426; x_wconf 76' lang='lat' dir='ltr'><strong>incendio</strong></span> <span class='ocrx_word' id='word_1_320' title='bbox 973 4363 1099 4444; x_wconf 86' lang='lat' dir='ltr'><strong>aptavit</strong></span> <span class='ocrx_word' id='word_1_321' title='bbox 1124 4361 1348 4442; x_wconf 71' lang='lat' dir='ltr'><strong>amantisque</strong></span> 
     </span>
    </p>
   </div>
   <div class='ocr_carea' id='block_1_5' title="bbox 0 0 1606 5218">
    <p class='ocr_par' dir='ltr' id='par_1_5' title="bbox 0 0 1606 5218">
     <span class='ocr_line' id='line_1_38' title="bbox 0 0 1606 5218; baseline 0 0"><span class='ocrx_word' id='word_1_322' title='bbox 0 0 1606 5218; x_wconf 95' lang='lat' dir='ltr'><strong> </strong></span> 
     </span>
    </p>
   </div>
  </div>
 </body>
</html>
