3202 5218
888 289 952 356 tce

343 476 450 540 lumen
472 475 552 558 ejus.
594 473 637 536 lit
658 481 728 536 erat
748 489 869 557 specus
890 475 953 537 ista
975 477 1068 558 quasi
1089 474 1202 540 schola
1227 473 1483 558 contemplantium

339 581 460 662 divina,
479 580 513 642 in
535 595 599 662 qua
618 595 676 661 per
698 578 847 642 tenebras
869 580 1054 662 corporales
1076 579 1274 644 ducebantur
1296 579 1334 642 ud
1353 580 1488 644 coelestia

339 683 587 766 contemplanda
619 682 758 746 lumina:
793 701 857 746 non
883 685 968 746 sicut
989 701 1109 766 specus
1129 683 1340 766 Acherusius,
1361 703 1444 767 qnae,
1461 693 1489 747 ut

339 791 450 872 fertur,
473 788 561 851 ducit
582 785 623 850 ad
650 787 787 871 inlares,
808 805 891 870 quae
912 807 976 852 non
998 787 1168 872 longeest
1190 791 1228 850 ab
1250 787 1403 850 Heraclea
1421 787 1491 850 civi-

339 904 405 958 tate
412 915 422 977 3
444 909 506 956 nee
537 894 621 955 sicut
654 909 776 976 specus
796 893 1002 975 Hyberniae,
1032 909 1117 978 qnae
1147 892 1265 956 dicitnr
1297 892 1491 975 purgatorium

340 1000 446 1062 sancti
463 997 609 1079 Patrlcll,
628 997 660 1058 in
683 1015 777 1080 qnam
800 998 941 1080 ingressi
963 997 1077 1061 vident
1098 997 1261 1060 horribilia
1282 1008 1315 1060 et
1333 997 1492 1081 phantasiis

341 1105 499 1189 gravibus
514 1109 685 1185 torrentur,
700 1119 740 1164 ac
762 1102 790 1163 si
808 1103 840 1164 in
857 1104 1016 1165 inlernnm
1039 1113 1271 1184 mergerentur,
1286 1102 1368 1186 quod
1382 1119 1439 1164 non
1452 1099 1495 1162 dl·

343 1212 420 1273 vina
443 1208 481 1271 lit
501 1211 633 1289 virtute,
654 1225 716 1270 uec
738 1206 941 1290 miraculose,
961 1205 1021 1269 sed
1043 1207 1231 1271 naturaliter
1252 1216 1284 1270 ct
1305 1204 1495 1290 phantastice,

345 1317 426 1397 qnia
441 1313 517 1378 dicit
531 1311 686 1394 magister
702 1311 875 1375 Heinricus
888 1311 928 1374 de
940 1312 1071 1392 Bassia,
1084 1309 1184 1374 frater
1203 1329 1279 1395 gen.
1294 1312 1430 1394 allegans
1441 1309 1494 1390 (b)

338 1421 530 1502 magistrum
562 1415 733 1478 Nicolaum
760 1412 869 1498 orem,
884 1415 1097 1478 clarissimum
1120 1409 1311 1480 naturalium
1341 1418 1496 1493 doctorem,

340 1524 427 1607 quod
443 1525 476 1584 in
492 1521 547 1585 ilio
561 1520 650 1583 hiatu
660 1520 849 1602 Hyberniae
862 1528 894 1582 et
910 1522 943 1580 in
958 1519 1103 1603 pluribus
1115 1521 1188 1585 aliis
1204 1532 1279 1584 sunt
1297 1519 1496 1584 exhalationes

343 1637 377 1690 et
398 1629 596 1710 irnaapisatus
615 1643 679 1705 aar,
698 1622 785 1686 uude
804 1625 963 1706 provenit,
984 1625 1070 1708 quod
1087 1628 1246 1689 intrantes
1265 1624 1454 1690 obdormiunt
1472 1627 1498 1684 et

344 1732 387 1796 de
418 1729 617 1794 mirabilibus
650 1729 813 1791 somniant
845 1740 876 1793 et
897 1730 1060 1794 horribilia
1081 1729 1194 1793 vident
1226 1732 1272 1795 ita
1303 1731 1388 1794 clare
1414 1745 1450 1790 ae
1474 1726 1498 1788 ri

339 1835 525 1919 vigilarent,
550 1842 584 1896 et
606 1842 715 1896 tamen
730 1833 888 1898 dormiunt
910 1842 942 1898 et
962 1853 1064 1917 prava
1079 1833 1295 1918 dispositione
1309 1835 1370 1899 leci
1387 1843 1417 1896 et
1436 1835 1499 1896 c'or·

342 1939 429 2023 rupti
450 1939 537 2002 aeris
557 1939 591 2001 in
608 1947 756 2021 turgores
781 1941 949 2021 rapiuntur
971 1948 1003 2001 et
1016 1939 1107 2023 prius
1123 1940 1197 2002 visa
1211 1941 1414 2004 conscribunt
1427 1948 1499 2001 tam·

341 2064 439 2129 qnam
462 2041 618 2108 miracula
645 2052 678 2105 et
702 2043 838 2107 recitant
860 2053 1021 2128 tamqnam
1052 2047 1216 2108 veraciter
1236 2046 1327 2110 facta
1350 2055 1381 2110 et
1405 2053 1499 2107 tamen

260 2183 263 2191 ι
338 2151 444 2214 solnm
456 2168 498 2211 ex
510 2147 758 2230 indispositionc
768 2149 900 2212 virtutis
912 2149 1140 2231 imaginativae
1155 2151 1202 2212 cia
1217 2152 1418 2233 contigerunt
1428 2156 1500 2210 tan·

339 2273 435 2339 qnam
447 2255 697 2334 somniantibus,
709 2271 793 2336 quae
804 2255 899 2316 etiam
911 2254 944 2316 in
956 2254 1166 2340 vigilantibus
1179 2254 1392 2318 ostenduntur
1403 2267 1497 2334 saepo

423 2357 671 2441 consequenter
699 2359 740 2422 de
761 2358 881 2422 'l'holas
901 2357 1129 2421 descendimus
1159 2367 1192 2422 et
1219 2358 1262 2421 ad
1286 2357 1497 2422 monasterium

339 2463 426 2527 alind
458 2462 623 2544 venimus,
653 2460 720 2544 jam
753 2461 883 2544 quidem
914 2479 1066 2545 parvum,
1094 2461 1170 2527 olim
1203 2473 1311 2527 autom
1344 2459 1498 2527 admodum

338 2585 500 2652 magnum,
516 2565 603 2649 qnod
624 2566 742 2631 dicitur
763 2566 804 2630 ad
826 2567 861 2630 S.
885 2565 1038 2630 cosmam
1059 2575 1091 2629 et
1112 2566 1318 2652 Damiauum,
1339 2567 1402 2650 qui,
1421 2563 1499 2627 utin

337 2691 446 2736 eorum
459 2671 599 2755 legende
619 2672 766 2755 habetur,
782 2672 824 2736 de
845 2671 967 2734 Arabia
988 2673 1056 2733 nati
1079 2672 1218 2754 luerunt,
1234 2671 1276 2734 de
1298 2690 1362 2756 qna
1382 2667 1499 2752 regione

339 2779 436 2842 etiam
462 2777 518 2841 alii
549 2777 737 2859 peritissimi
766 2776 882 2839 medici
911 2777 1015 2839 exorti
1048 2786 1134 2839 sunt.
1174 2775 1224 2839 0b
1257 2795 1354 2860 quam
1385 2787 1500 2839 mnsam

339 2882 439 2947 oredo
460 2901 518 2946 cos
540 2883 593 2946 hic
612 2883 646 2945 in
663 2881 784 2945 Arabia
804 2882 924 2946 babere
945 2898 1024 2964 prae
1045 2880 1119 2943 aliis
1133 2881 1258 2943 saructis
1279 2877 1499 2946 monasterium

337 2989 439 3052 Porro
461 2989 523 3050 hoc
545 2987 773 3050 monasterium
802 2996 854 3052 cst
875 2987 908 3049 in
940 2986 1012 3065 loeo
1034 2992 1271 3068 constructum,
1295 2988 1350 3050 ubl
1379 2981 1501 3063 amplius

337 3110 433 3175 qnam
456 3093 533 3154 ttttl
566 3090 665 3153 millia
687 3091 848 3154 hominurn
872 3099 904 3152 et
920 3091 1117 3174 septingenti
1138 3093 1286 3171 percussi
1306 3099 1382 3154 sunt
1402 3085 1500 3161 alteo,

338 3195 464 3283 absque
483 3195 554 3275 his,
575 3195 630 3276 qui
663 3193 826 3275 perierunt
847 3195 881 3254 in
911 3193 1072 3257 seditione
1094 3193 1200 3258 Corae
1229 3211 1303 3257 cnm
1325 3191 1502 3258 hananeel

337 3300 488 3382 Abiram,
510 3307 545 3360 ut
574 3297 711 3360 habetur
727 3298 897 3361 Numeror.
919 3299 1008 3362 xv1.
1049 3301 1087 3361 ln
1108 3300 1171 3362 hoc
1191 3299 1275 3362 enim
1298 3300 1369 3363 loco
1390 3296 1501 3375 ‹timpt-

338 3413 390 3467 est
411 3412 498 3466 terra
519 3401 579 3466 sub
602 3400 739 3482 pedibus
761 3401 986 3464 seditiosorum
1010 3410 1042 3464 et
1063 3407 1215 3485 aperiens
1237 3421 1275 3467 os
1296 3423 1390 3470 auum
1411 3400 1502 3464 dovo-

338 3509 423 3572 ravit
444 3507 518 3572 illos
540 3525 613 3570 cum
635 3506 853 3569 tabernaculis
867 3507 938 3569 suis
961 3516 993 3570 et
1014 3504 1251 3578 descenderunt
1272 3509 1339 3595 vivi
1359 3509 1392 3571 in
1411 3500 1501 3567 inler-

338 3631 433 3696 nnm;
464 3633 528 3698 qno
549 3612 635 3677 lacto
658 3631 734 3675 mox
755 3610 959 3693 complanata
980 3621 1033 3674 est
1053 3622 1150 3696 terra,
1171 3632 1211 3678 ac
1242 3614 1272 3676 si
1297 3612 1378 3676 nihil
1401 3609 1500 3672 nomn

340 3714 525 3798 accidisset,
546 3725 582 3779 ut
603 3716 700 3779 habet
728 3717 884 3800 magister
905 3716 938 3778 in
960 3716 1101 3799 Speculo
1123 3717 1290 3782 historiali.
1322 3715 1399 3780 ldeo
1418 3709 1502 3792 bujutt

338 3819 530 3901 direptionis
557 3821 679 3884 nullum
712 3839 774 3884 uec
795 3822 970 3904 vestigium
1002 3823 1115 3886 videro
1145 3832 1342 3906 peteremus.
1384 3823 1422 3883 ln
1450 3817 1503 3879 hec

337 3922 410 3987 loco
432 3943 504 3988 cum
526 3935 664 3989 tremore
684 3927 835 3988 stetimus
865 3927 1072 3989 severitatem
1106 3937 1138 3990 et
1166 3928 1364 3990 celeritatem
1386 3922 1503 3986 divino·

337 4047 408 4091 rum
426 4027 617 4109 judiciorum
640 4039 917 4112 expavescentes,
939 4031 986 4094 illi
1008 4033 1092 4095 enirn
1114 4042 1365 4096 murmuratores
1386 4027 1502 4092 stabant

337 4133 379 4196 ad
400 4133 591 4197 seditionem
614 4135 839 4199 concitandam
861 4137 975 4219 parati,
989 4153 1052 4200 neo
1072 4136 1237 4222 timebant,
1251 4145 1283 4200 ct
1305 4154 1394 4216 ecca,
1408 4127 1502 4196 subito

337 4249 424 4303 terra
447 4247 539 4323 rupta
561 4249 611 4302 cst
640 4242 700 4303 sub
729 4240 866 4325 pedibus
887 4257 1014 4322 eorum;
1036 4243 1110 4326 quis
1141 4242 1205 4306 hoc
1226 4239 1361 4305 audiens
1381 4255 1445 4301 non
1466 4230 1504 4293 li-

338 4341 428 4408 met'i
461 4344 574 4409 Simile
605 4345 743 4428 legimus
775 4345 952 4428 contigisse
983 4355 1127 4430 tempore
1161 4347 1248 4411 beati
1278 4342 1445 4410 Ambrosii
1474 4335 1503 4398 ll
