3212 5206
853 261 918 327 aco

301 449 394 534 cujus
415 447 519 530 gratia
541 461 636 508 snum
669 441 822 508 deserunt
843 443 1025 524 desertum,
1047 451 1082 506 et
1109 461 1174 508 non
1202 443 1306 509 solum
1336 443 1497 508 orientis

301 557 452 637 regiones
473 557 702 634 pervagantur,
719 548 778 612 sed
797 550 830 612 in
847 547 1201 620 extremos'cccidentis
1217 559 1326 632 partes
1346 565 1392 612 se
1418 549 1498 612 dif-

302 657 454 739 hrndnnt,
476 656 530 718 nbi
552 656 663 717 neseio
685 671 750 736 qua
769 671 869 718 cansa
891 673 954 718 non
978 655 1114 728 Arabes,
1137 672 1199 718 nec
1220 653 1393 736 Chaldaei,
1423 651 1495 716 sed

301 763 414 845 Zigari
430 767 597 843 vocantur,
610 775 692 842 quos
703 759 823 842 vulgus
836 769 945 823 noster
958 768 1056 824 vocat
1068 759 1213 843 Ziginer,
1228 761 1283 843 qui
1297 762 1409 842 primo
1425 758 1498 822 orti

302 887 322 930 e
336 864 512 947 Chaldaea,
526 873 562 927 ut
580 863 698 928 dicitnr
711 867 812 947 primo
825 865 925 947 l’hys.
940 865 974 927 in
995 865 1219 948 supplemento
1232 863 1341 928 Chroa
1362 865 1408 928 Ιι.
1426 863 1497 926 IV.

274 974 336 1048 ¹in
357 973 406 1034 eis
438 971 671 1032 conterminam
703 968 856 1032 Arabiam
891 968 1051 1032 desertam
1080 969 1317 1033 descenderunt
1345 969 1499 1031 atinde

302 1097 363 1162 per
380 1077 530 1159 regiones
552 1073 790 1155 diffunduntur,
811 1073 853 1136 de
884 1075 1001 1155 quibus
1032 1075 1116 1138 intra
1138 1074 1192 1138 iol.
1224 1075 1276 1138 80.
1299 1073 1389 1136 vide.
1443 1073 1496 1138 Hi

303 1181 432 1246 Arabes
446 1180 568 1243 deserti
587 1175 684 1240 valde
705 1180 819 1240 annosi
833 1196 906 1242 cum
929 1179 996 1261 (b)
1014 1180 1066 1242 his
1080 1179 1221 1243 miseriis
1242 1187 1374 1261 sunt,et
1399 1197 1498 1241 een-

302 1288 420 1350 tenarii
442 1292 476 1346 et
497 1282 628 1347 vetulae
648 1286 853 1346 centenariae
875 1302 933 1367 per
951 1283 1112 1346 desertum
1134 1283 1249 1346 leviter
1269 1283 1354 1346 sicut
1375 1297 1496 1344 canes

304 1399 453 1472 canunt,
481 1403 610 1469 semper
643 1388 800 1450 sitibundi
828 1388 862 1450 et
892 1391 1081 1452 esurientes*
1101 1389 1264 1451 rarissima
1283 1386 1497 1450 'saturantur

304 1495 460 1579 panibus,
482 1501 516 1554 et
537 1491 610 1555 dum
634 1491 778 1555 solemne
808 1494 987 1555 instaurant
1016 1494 1216 1574 convivium,
1239 1509 1341 1575 panes
1362 1492 1495 1553 subci-

305 1599 437 1664 neritios
459 1598 592 1679 faciunt,
616 1613 731 1659 carues
747 1617 826 1660 vero
848 1597 954 1661 adhuc
975 1606 1125 1661 cruentas
1144 1596 1339 1659 manducant
1360 1605 1398 1656 et
1422 1595 1494 1658 de-

305 1703 488 1767 tlcientibns
523 1699 621 1783 lignis
654 1702 744 1785 ipsos
777 1719 893 1765 carnes
923 1703 1041 1766 crudas
1072 1721 1170 1785 super
1204 1701 1302 1764 latum
1334 1699 1492 1782 lapidem

307 1817 446 1891 ponunt,
464 1815 497 1868 at
527 1806 572 1868 ita
594 1822 670 1869 caro
701 1808 883 1871 exsiccatur
914 1809 975 1871 sub
1005 1806 1165 1891 lapidibus
1198 1815 1230 1870 et
1264 1804 1391 1886 ealelit,
1418 1823 1492 1888 quo

308 1913 409 1975 iacto·
426 1910 534 1973 levato
562 1911 719 1993 superiori
747 1911 855 1994 lapide
885 1914 1067 1978 inferiorem
1100 1931 1158 1996 pro
1193 1928 1307 1975 mensa
1338 1910 1493 1972 retinent

307 2026 342 2081 et
363 2017 409 2079 ita
427 2034 557 2080 manem
579 2017 651 2079 siue
672 2015 735 2080 alia
747 2016 935 2082 decoctione
948 2017 1151 2082 manducant
1179 2015 1367 2080 Vescuntur
1379 2017 1491 2078 etlam

308 2121 499 2207 quibusdam
523 2121 686 2185 radicibus
713 2132 745 2185 et
766 2123 876 2186 herbis
904 2132 936 2187 et
964 2122 1016 2186 lae
1036 2121 1229 2185 camelorum
1258 2129 1291 2183 et
1313 2119 1490 2183 minarum

307 2227 421 2291 bibunt
442 2235 475 2289 et
496 2225 610 2289 rodunt
629 2225 818 2290 durissimos
839 2229 1041 2310 paximatios
1070 2226 1165 2291 Unde
1186 2224 1228 2288 de
1248 2226 1310 2287 hoc
1327 2225 1378 2286 sic
1400 2222 1491 2286 dicit

307 2331 504 2414 leronymus
524 2341 637 2393 contra
650 2331 821 2394 Jovinumr
844 2332 971 2395 Arabes
990 2342 1022 2394 et
1042 2330 1219 2394 Sarraceui
1235 2326 1489 2411 ichthyophagi,

307 2435 491 2499 lamuelitae
511 2443 545 2497 et
565 2437 669 2498 omnis
687 2439 787 2500 eremi
808 2437 934 2500 barbari
953 2436 1145 2500 camelorum
1168 2435 1255 2498 lacte
1276 2444 1309 2497 et
1325 2435 1488 2497 carnibus

307 2541 434 2623 vivum,
447 2539 522 2622 quia
533 2539 715 2622 hujusmodi
733 2541 850 2604 animal
861 2562 919 2624 pro
933 2550 1078 2626 tempore
1098 2551 1130 2603 et
1145 2539 1315 2603 sterilitate
1336 2539 1488 2622 regionis

308 2644 405 2708 facile
415 2643 502 2728 apud
516 2663 574 2708 eos
584 2647 727 2730 gignitur
738 2656 771 2709 et
781 2649 928 2730 nutritur,
940 2655 972 2710 et
986 2649 1078 2710 netas
1091 2647 1294 2727 arbitrantur,
1309 2661 1486 2726 porcorum

308 2750 400 2816 vesci
420 2750 580 2814 carnibus.
609 2751 695 2814 Sues
716 2751 814 2830 enim,
838 2753 893 2835 qni
913 2751 1033 2835 glande
1053 2758 1087 2814 et
1108 2750 1281 2832 castaneis,
1304 2748 1485 2831 radicibus,

307 2856 395 2920 tilica
412 2864 444 2918 et
466 2854 587 2918 hordeo
609 2855 652 2919 ali
674 2855 790 2938 solent,
804 2855 888 2940 apud
905 2874 963 2920 cos
984 2875 1049 2920 non
1071 2857 1289 2936 inveniuntur,
1302 2871 1375 2917 cnm
1396 2855 1486 2917 haee

309 2960 465 3024 alimenta
485 2979 550 3023 non
571 2961 720 3024 habeant.
763 2962 809 3024 lli
830 2979 929 3045 super
948 2969 1056 3044 petras
1077 2960 1157 3024 solis
1184 2960 1349 3024 terrentes
1370 2958 1485 3023 calore

309 3074 422 3128 assant
443 3066 552 3148 pisces
574 3064 615 3127 de
637 3067 717 3128 mari
739 3066 834 3130 rubro
855 3075 971 3150 captos
991 3073 1026 3130 et
1058 3065 1121 3130 hoc
1141 3064 1212 3129 solo
1233 3063 1384 3128 alimento
1405 3063 1484 3126 vic-

308 3169 411 3232 titant.
456 3169 500 3231 Et
521 3168 598 3251 quia
628 3171 763 3232 incertis
783 3169 916 3234 sedibus
935 3173 1000 3235 bue
1020 3179 1119 3254 atque
1146 3169 1223 3232 illuc
1251 3169 1285 3232 in
1306 3164 1483 3230 solitudine

308 3280 485 3355 vagantur,
508 3272 580 3335 ideo
600 3273 743 3336 viatores
770 3275 1022 3359 conglobantur,
1043 3281 1082 3338 nt
1110 3276 1280 3338 imminens
1300 3271 1480 3356 periculum

308 3385 418 3439 mutuo
439 3376 558 3440 anxilio
580 3375 768 3439 declinetur.
801 3379 856 3443 lix
878 3381 930 3444 his
951 3390 1050 3464 patet,
1071 3380 1158 3464 quod
1178 3379 1254 3442 olim
1276 3378 1362 3441 sicut
1382 3373 1482 3439 bodie

308 3482 427 3544 deserti
463 3480 692 3562 perambulatio
733 3483 883 3547 insecura
910 3494 1041 3568 propter
1075 3485 1219 3549 Arabum
1262 3485 1479 3559 invasionem,

308 3601 405 3670 quarn
426 3601 546 3668 passus
581 3586 640 3647 tuit
663 3584 830 3671 Malchus,
864 3599 900 3652 ut
928 3590 1025 3654 habet
1057 3590 1254 3672 leronymus
1274 3587 1309 3650 in
1341 3582 1479 3669 epistola

307 3691 430 3773 captivi
451 3691 616 3774 monachi,
637 3690 723 3754 siout
746 3693 883 3758 habetur
902 3696 936 3758 in
956 3695 1044 3759 Vitis
1064 3694 1207 3757 Petrum.

389 3795 441 3858 lle
462 3795 514 3859 his
536 3797 663 3860 miseris
685 3797 813 3862 videtur
836 3818 911 3864 esse
930 3798 1009 3862 illud
1030 3798 1104 3862 lob.
1125 3797 1178 3862 att
1207 3797 1343 3874 Horam,
1364 3793 1477 3876 inquit,

307 3908 416 3984 patres
439 3919 505 3963 non
530 3899 688 3983 dignabar
707 3921 829 3986 ponere
853 3923 926 3967 eum
949 3904 1085 3967 canibus
1104 3902 1217 3985 gregis
1247 3903 1330 3982 moi,
1351 3905 1388 3960 et
1407 3897 1478 3961 vita

308 4005 380 4087 ipsa
401 4005 632 4088 reputabantur
648 4006 788 4090 indigni,
810 4014 958 4091 egestate
979 4015 1013 4070 ct
1033 4009 1121 4071 tama
1141 4005 1281 4087 steriles,
1302 4005 1359 4088 qui
1381 4000 1478 4066 rode-

307 4109 387 4173 bant
405 4111 439 4172 in
460 4110 633 4176 solitudine
654 4113 842 4196 squalentes
861 4112 1046 4176 calamitate
1067 4121 1100 4180 et
1120 4111 1262 4192 miseria,
1285 4115 1321 4172 et
1342 4104 1477 4172 mando-

307 4214 385 4278 bant
414 4215 532 4280 herbas
562 4226 594 4279 ct
625 4218 772 4283 arborum
804 4219 942 4283 cortices
972 4225 1005 4282 et
1035 4215 1128 4282 radix
1155 4215 1375 4299 juniperorum
1409 4217 1479 4275 erat

308 4320 401 4384 cibus
422 4337 541 4384 eorum.
