3212 5206
846 313 912 378 444

302 493 423 580 aliquid
446 493 550 578 daret,
583 489 747 554 madidum
773 491 828 556 vol
858 491 950 577 duos,
981 499 1016 556 at
1043 501 1241 577 congregata
1269 495 1408 577 pecunia
1435 494 1487 556 ets

309 599 482 684 pedagium
496 595 617 662 munde
638 595 851 660 solveremus.
879 601 952 662 Hoc
975 615 1054 680 ergo
1068 597 1215 681 lecimus,
1230 605 1263 660 et
1284 615 1357 660 cum
1373 615 1487 661 eorum

309 704 481 787 capitaneo
495 700 762 766 concordavimus
773 720 830 783 pro
839 711 927 764 certa
938 719 1061 765 summa
1073 699 1290 786 madinorum3
1301 719 1364 784 qua
1377 702 1490 765 soluta

308 807 498 872 dimiserunt
528 821 589 869 nos
612 803 803 888 procedere,
823 805 951 888 quidam
978 815 1085 868 tamen
1103 804 1244 887 juvenes
1268 803 1487 868 adhaeserunt

302 913 398 976 oobte
418 927 523 993 tueque
537 909 577 972 ad
601 917 743 973 montem
759 908 871 992 Synai.
901 910 979 973 Post
999 910 1127 992 lougarn
1149 909 1236 975 viam
1254 911 1287 972 in
1314 911 1377 972 ista
1395 907 1486 972 valle

233 1089 244 1111 ο
303 1025 521 1082 transcursam
539 1013 581 1078 ad
594 1015 762 1078 terminum
778 1014 875 1076 vallis
891 1016 1042 1077 venimus
1060 1016 1175 1076 iterum
1188 1015 1219 1078 in
1234 1032 1381 1098 campum
1401 1030 1485 1096 spa-

306 1122 436 1202 tiosum,
451 1120 483 1182 in
495 1138 591 1202 quem
614 1119 654 1182 ab
670 1119 735 1182 alia
746 1125 839 1201 parte
858 1115 984 1181 radices
996 1119 1222 1181 altissimorum
1239 1121 1389 1182 montium
1403 1139 1485 1201 pro-

304 1224 671 1307 tenduntur,interqnos
679 1231 807 1286 montes
816 1242 909 1286 mons
918 1221 1161 1305 sanetusSynai
1169 1231 1248 1290 erat.
1257 1223 1485 1287 Processimus

304 1347 385 1412 ergo
397 1347 455 1411 per
476 1345 624 1410 campum
646 1329 679 1390 iu
700 1328 848 1410 opposita
865 1335 1022 1391 montana
1037 1337 1069 1390 et
1091 1349 1150 1411 per
1170 1328 1287 1391 vallem
1309 1345 1406 1391 uuam
1427 1329 1484 1389 ln-

304 1435 412 1517 grossi
429 1431 592 1496 taediosos
604 1432 758 1495 circuitus
771 1432 918 1514 fecimus,
928 1450 1014 1496 nune
1024 1434 1098 1515 buc,
1109 1450 1196 1496 nunc
1207 1432 1293 1512 illuc,
1304 1430 1483 1494 secundum

308 1536 565 1602 recurvationem
586 1534 685 1598 vallis
705 1534 907 1598 divertendo.
944 1536 1060 1619 Longe
1080 1545 1189 1599 antem
1211 1534 1341 1599 deducti
1362 1537 1482 1600 mimus

309 1659 330 1702 a
361 1639 485 1704 directo
512 1642 639 1702 tramite
667 1647 780 1702 costra
806 1649 946 1704 montem
972 1649 1122 1704 sauctum
1153 1638 1291 1703 ducenta
1316 1649 1349 1703 et
1375 1641 1482 1704 valles

308 1745 573 1828 praeterivimus,
595 1760 679 1826 quaa
702 1743 896 1808 videbantur
923 1745 964 1809 ad
986 1764 1057 1809 eum
1080 1744 1234 1828 dirigere,
1256 1764 1329 1807 nam
1360 1744 1483 1808 directe

308 1849 350 1912 ad
372 1848 537 1914 meridiem
550 1856 617 1912 stat
638 1867 733 1912 mons
748 1848 861 1932 Synai,
883 1849 941 1912 sed
962 1852 1195 1913 obsistentibus
1212 1849 1374 1913 montibus
1394 1867 1482 1913 nunc

305 1963 420 2018 contra
441 1956 614 2035 orientem,
636 1961 714 2036 post
735 1955 893 2017 modicum
914 1963 1025 2018 contra
1048 1955 1229 2039 aquilonem
1255 1964 1288 2018 et
1310 1951 1483 2037 aliquando

305 2065 418 2122 eontra
439 2057 643 2122 occidentem
664 2057 761 2121 devia
781 2058 915 2122 vallium
936 2060 1041 2122 secuti
1070 2076 1200 2141 sumus,
1222 2059 1256 2121 in
1277 2077 1341 2141 quo
1363 2075 1482 2140 magno

304 2159 414 2226 taedio
435 2161 544 2226 affecti
566 2163 696 2244 luimus,
711 2161 786 2226 durn
808 2181 1015 2226 cerneremus
1035 2171 1173 2226 montem
1186 2162 1289 2246 Synai
1310 2161 1481 2245 aliquando

305 2284 327 2330 a
346 2276 439 2350 tergo
459 2275 560 2331 stare.
587 2267 697 2347 Porro,
711 2269 798 2330 cirea
819 2266 984 2331 meridiem
1002 2269 1162 2348 venimus,
1177 2267 1231 2330 ubi
1245 2249 1349 2330 'vattts
1365 2267 1481 2330 iterum

304 2371 530 2434 numerator
549 2381 662 2434 contra
682 2370 856 2454 meridiem,
871 2381 903 2435 et
928 2372 1012 2435 altos
1033 2381 1159 2436 montes
1182 2371 1253 2452 (¹ss
1266 2372 1312 2452 a)
1334 2378 1480 2453 postter-

304 2477 456 2558 gevtnus
477 2483 509 2537 ct
526 2483 622 2557 caput
642 2477 759 2538 anoctis
771 2474 875 2560 Synal
897 2477 1017 2541 elarius
1029 2475 1318 2540 ttdtmoscuucue
1336 2475 1482 2538 cacumi-

304 2579 400 2643 nibus
420 2596 519 2662 super
540 2577 692 2644 emittere.
713 2580 783 2644 Ful.
802 2585 854 2648 38.
877 2584 917 2646 b.
949 2583 1009 2648 Est
1024 2582 1116 2678 'euim
1131 2583 1164 2642 in
1186 2581 1242 2644 illo
1264 2579 1392 2643 deserto
1410 2579 1482 2662 Sy·
1603 2589 1605 2612 ¹

305 2685 360 2746 nsi
381 2682 538 2748 mirabilis
562 2684 650 2766 regio
681 2681 722 2745 de
743 2683 885 2747 excelsis
908 2694 940 2748 et
962 2686 1159 2750 acutissimis
1179 2685 1352 2748 montibus.
1395 2677 1479 2747 Cum

306 2805 386 2871 ergo
406 2795 519 2852 contre
540 2797 679 2851 montem
711 2797 860 2852 sarnetum
888 2790 1052 2872 paululum
1081 2807 1154 2852 cnm
1179 2788 1299 2872 gaudio
1320 2787 1479 2871 procede-

304 2908 433 2974 remus,
459 2891 595 2955 dimissa
621 2892 710 2956 valle
737 2892 952 2978 meridionali,
974 2913 1058 2974 quae
1089 2893 1259 2959 videbatur
1288 2892 1330 2956 ad
1351 2891 1479 2957 radices

304 2995 377 3080 ejus
402 2996 573 3080 deducere,
603 2997 798 3080 pervellem
829 2997 1046 3082 aquilonarem
1065 3009 1139 3082 post
1171 2997 1321 3063 ductores
1349 3006 1479 3060 nostros

306 3099 498 3166 divertimus
519 3111 551 3164 et
573 3104 673 3165 monti
684 3101 787 3186 Syriai
807 3104 919 3165 iterum
942 3112 1034 3188 terga
1056 3106 1230 3187 vertimus,
1256 3121 1298 3166 ex
1320 3120 1383 3185 quo
1405 3119 1477 3164 cum

306 3221 468 3266 murmura
488 3214 520 3268 et
541 3223 660 3288 magna
680 3207 878 3288 impatientia
898 3209 1127 3290 processimus.
1160 3207 1272 3270 Ortum
1296 3215 1347 3268 est
1369 3212 1476 3266 autom

305 3306 440 3369 verbum
455 3309 540 3371 inter
554 3313 752 3398 peregrinos,
769 3308 854 3393 qnod
869 3310 1007 3393 Arabes,
1024 3312 1186 3376 camelarii
1207 3312 1319 3392 nostri,
1333 3308 1478 3373 studiose

304 3424 364 3471 nos
385 3427 446 3491 per
466 3410 563 3475 devia
583 3411 704 3476 deserti
725 3412 1001 3477 circumducerent
1030 3424 1062 3478 et
1084 3434 1146 3480 uos
1173 3415 1278 3480 taedio
1298 3415 1477 3506 allicerent,

302 3520 465 3593 quotenne
487 3516 536 3577 eis
557 3519 727 3599 pecuniam
747 3515 908 3600 damnans,
930 3527 965 3582 nt
987 3521 1214 3605 propinquiora
1231 3521 1347 3584 itinera
1367 3527 1479 3582 trans·

302 3621 397 3703 irent,
412 3621 489 3702 quia
511 3637 531 3680 a
553 3619 692 3685 vallibus
706 3621 918 3707 divertebant,
932 3642 1016 3709 quae
1036 3627 1229 3690 videbantur
1243 3630 1356 3687 contra
1372 3623 1476 3686 locum

302 3732 447 3808 optatum
470 3723 641 3808 inducere,
670 3735 703 3788 et
725 3726 766 3791 sd
785 3726 892 3790 balles
913 3732 1092 3793 contrarias
1113 3748 1152 3794 se
1173 3727 1421 3808 convertebant,
1443 3734 1478 3788 et

300 3827 375 3892 ideo
396 3827 442 3892 illi
463 3831 634 3913 peregrini,
656 3831 711 3913 qui
732 3831 980 3914 suspicabantur
1000 3834 1145 3900 dolosam
1159 3831 1474 3910 circumductionem,

299 3932 539 3996 murmurabant
567 3942 602 3998 ct
623 3933 742 3999 Calino
763 3952 803 3998 ac
824 3935 1009 4001 ductoribus
1030 3937 1273 4002 maledicebant.
1315 3935 1343 3998 tt
1365 3942 1477 3998 contra

299 4035 538 4120 duperegmi
571 4036 732 4122 dicebant,
753 4038 839 4122 quod
860 4039 917 4103 illa
943 4048 1035 4106 esset
1055 4061 1136 4106 vera
1165 4043 1220 4106 via
1254 4049 1287 4103 et
1307 4038 1353 4102 ibi
1386 4045 1476 4100 esset

299 4138 408 4204 nullus
435 4139 530 4204 dolus
562 4150 597 4204 et
625 4143 833 4236 increpabant
867 4156 1102 4210 murmurantes
1135 4146 1177 4210 de
1198 4143 1476 4208 maledictionibus

299 4253 332 4308 et
352 4245 437 4308 inter
457 4244 540 4308 baec
562 4246 808 4311 corrixabantur
830 4248 876 4312 illi
904 4249 1023 4314 milites
1049 4250 1144 4315 sirum
1173 4259 1205 4312 et
1227 4251 1415 4331 inceperunt
1436 4261 1475 4308 se

299 4347 481 4433 opprobriis
516 4356 552 4413 et
585 4347 864 4434 objurgationibus
913 4351 1126 4418 debonestare
1168 4361 1200 4416 et
1239 4352 1302 4417 sibi
1334 4352 1474 4415 iuvloem
