3212 5206
301 516 402 580 frater
427 511 604 574 monachus
630 503 816 573 monasterii
842 513 875 567 et
906 503 1059 585 sacrista,
1096 500 1226 565 nomine
1256 501 1471 586 Nicodemus,

300 621 455 684 ducturus
476 631 537 678 noa
558 616 592 677 iu
614 619 740 677 montes
761 617 914 676 sanctos·
948 606 1131 670 Recensuit
1151 615 1259 670 antem
1281 609 1470 690 peregrinos

299 735 332 788 et
361 719 535 807 quemlibet
555 719 589 782 iu
618 715 775 799 singulari
806 712 949 795 respexit
970 718 1004 772 et
1026 730 1109 796 quos
1143 711 1268 775 debiles
1296 710 1470 794 judicavit,

298 841 501 913 nequaquam
524 820 686 905 proficisci
709 818 874 882 uobiscum
907 815 1009 879 voluit
1039 815 1173 900 diceus,
1194 817 1282 880 viam
1315 834 1393 880 asse
1414 833 1470 878 ar-

299 933 396 999 duam
426 937 466 992 et
487 929 579 989 sanis
607 942 751 1007 gravem.
794 919 852 985 Sic
880 938 957 1003 ergo
986 918 1116 1003 quidam
1155 921 1317 1004 peregrini
1353 919 1469 982 lnllrmi

265 1069 268 1076 ¹
299 1039 538 1111 remanserunt,
560 1028 690 1114 quidam
710 1035 817 1091 autem
837 1026 924 1109 (la),
946 1026 1021 1088 licet
1042 1025 1161 1088 infirmi
1183 1033 1312 1109 ment,
1340 1025 1470 1088 omnino

297 1155 430 1207 manere
461 1134 622 1200 uolebant.
667 1132 864 1213 Accepimus
896 1129 1046 1195 sacculos
1080 1137 1212 1193 nostros
1243 1147 1316 1193 cum
1339 1125 1469 1191 cibariis

299 1257 331 1311 et
359 1244 521 1310 llascones
547 1256 619 1302 eum
641 1239 718 1300 vino
739 1245 771 1298 et
793 1233 964 1316 amphoras
986 1251 1058 1297 eum
1090 1253 1192 1320 aqua,
1219 1252 1304 1318 quaa
1324 1251 1383 1316 per
1415 1232 1470 1294 bl-

298 1350 394 1416 duum
424 1347 631 1423 sufficereut,
664 1351 696 1404 et
716 1358 755 1402 ea
775 1337 926 1400 asinariis
948 1341 1069 1402 nostris
1091 1339 1281 1403 tradidimus
1302 1334 1469 1420 portanda,

298 1456 374 1541 quia
394 1451 499 1536 parati
520 1455 611 1511 erant
633 1443 811 1508 ascendere
832 1443 999 1505 nobiscum
1021 1463 1079 1527 pro
1101 1453 1210 1508 nostro
1231 1428 1377 1507 seruitio.
1411 1439 1469 1504 Sic

297 1577 377 1641 ergo
398 1555 491 1618 nobis
513 1550 679 1634 dispositis
710 1545 821 1611 eduxit
844 1565 905 1610 uos
934 1546 1034 1612 frater
1058 1547 1259 1612 Nicodamus
1291 1548 1332 1611 do
1353 1563 1468 1609 mona-

297 1664 397 1727 sterio
419 1678 477 1742 per
492 1666 627 1740 portam,
642 1671 700 1736 per
721 1668 818 1735 qnam
832 1651 973 1734 ingressi
992 1651 1166 1735 fueramus,
1186 1661 1219 1748 at
1235 1651 1469 1715 declinavimus

297 1767 340 1830 ad
375 1762 506 1847 plagam
539 1755 782 1821 meridionalem
818 1755 852 1816 in
881 1755 990 1820 radice
1020 1759 1139 1822 montis
1166 1757 1272 1821 sancti
1304 1755 1408 1839 Synai
1434 1762 1469 1816 et

300 1870 387 1935 0reb
399 1914 409 1952 ,
431 1866 483 1930 oui
504 1871 539 1926 et
559 1865 665 1947 ipsum
687 1862 917 1924 monasterium
942 1861 1105 1926 adhaeret.
1148 1863 1247 1925 Mons
1269 1863 1389 1945 quippe
1411 1858 1468 1922 ille

299 1982 435 2038 sarnetus
459 1976 512 2032 est
532 1968 700 2032 binomius.
743 1964 872 2028 Dicitur
893 1967 977 2028 enim
1002 1985 1023 2028 a
1044 1968 1366 2049 monasteriumque
1391 1982 1467 2027 sur-

243 2079 247 2088 '
299 2097 372 2143 aum
394 2075 437 2140 ad
459 2071 615 2157 capellam
639 2071 745 2133 sancti
774 2069 891 2133 Heliae
911 2069 1034 2153 Synal,
1064 2080 1095 2136 et
1125 2069 1241 2133 deinde
1269 2069 1310 2131 ab
1333 2068 1389 2130 llla
1410 2085 1469 2130 ca-

298 2183 386 2267 pella
408 2176 575 2262 usquead
597 2193 753 2239 cacumen
785 2172 903 2237 dicitur
924 2173 1019 2238 Oreb.
1063 2175 1105 2237 lut
1126 2175 1209 2238 haec
1246 2171 1309 2236 duo
1340 2173 1470 2237 numina

299 2289 340 2351 ab
363 2283 483 2348 effectu
504 2281 637 2344 sortitur
658 2296 750 2342 mons
772 2278 837 2341 ille.
859 2275 945 2356 Quia
966 2280 1051 2342 anim
1066 2278 1218 2342 mandata
1238 2286 1271 2342 et
1292 2284 1469 2361 praecepta

297 2383 375 2454 sunt
395 2390 440 2452 ibi
464 2385 556 2467 data,
580 2383 695 2447 dicitur
720 2382 840 2466 Synai,
860 2385 880 2447 i.
903 2402 931 2445 e.
954 2392 1162 2467 praeceptum
1170 2404 1179 2466 3
1202 2391 1236 2446 et
1253 2385 1329 2466 quia
1353 2383 1470 2445 Domi-

297 2511 361 2557 nus
383 2493 416 2555 iu
438 2493 515 2574 igue
536 2487 582 2552 ibi
598 2487 746 2570 apparuit
763 2495 795 2548 et
823 2505 914 2550 mons
930 2489 1049 2571 igneus
1069 2485 1268 2551 accendens
1286 2498 1318 2552 et
1340 2487 1470 2568 sumans

299 2599 378 2679 fuit,
400 2605 436 2659 ut
458 2595 593 2657 liabetur
613 2590 717 2654 Exodi
738 2591 843 2675 xlx,
864 2591 937 2656 ideo
959 2590 1045 2655 0reb
1064 2591 1118 2654 vel
1140 2589 1291 2675 Choreb,
1317 2595 1341 2662 l.
1362 2611 1392 2661 e.
1413 2610 1471 2653 ar-

299 2699 374 2784 dor,
395 2699 586 2764 nominatur.
624 2696 729 2778 lgitur
749 2694 823 2758 dum
845 2695 1023 2760 ascendere
1044 2703 1185 2758 montem
1206 2707 1354 2760 sanctum
1376 2696 1471 2759 ince-

298 2806 405 2889 pimus
427 2812 459 2866 et
481 2821 554 2865 cnm
575 2801 715 2881 silentio,
729 2800 843 2863 timore
864 2811 896 2863 et
918 2801 1092 2864 devotione
1113 2801 1304 2884 subiremus,
1321 2809 1470 2864 exortum

249 2943 252 2949 ·
300 2917 353 2972 est
375 2908 529 2990 litigium,
551 2904 672 2968 clamor
693 2913 724 2966 et
748 2903 925 2987 indignatio
956 2906 1040 2968 iuter
1064 2905 1221 2968 asinarius
1249 2914 1392 2985 nostros,
1414 2903 1471 2988 qui

247 3083 249 3086 ,
297 3009 470 3097 portabant
493 3029 590 3074 onera
610 3018 738 3092 anostra,
760 2997 796 3071 et
815 3011 899 3074 inter
918 3009 1066 3093 Arabes,
1099 3011 1154 3091 qui
1176 3010 1472 3073 concomitabantur

300 3133 373 3196 nus,
397 3124 430 3176 et
462 3123 529 3176 erat
553 3114 689 3197 litigium
711 3132 769 3195 pro
791 3115 899 3177 saccis
920 3122 953 3176 et
974 3113 1126 3176 oneribus
1147 3114 1266 3176 nostris
1287 3111 1469 3196 portandis,

303 3236 377 3280 nam
397 3216 522 3278 Arabes
544 3219 712 3298 nolebant,
736 3215 822 3299 quod
844 3217 975 3280 asinarii
1001 3217 1094 3280 nubis
1115 3217 1290 3299 servirent,
1313 3216 1469 3300 dicentes,

298 3321 434 3383 servitia
454 3320 511 3383 illa
540 3320 581 3384 ad
604 3339 661 3384 eea
683 3322 862 3404 pertinere,
894 3322 978 3382 sicut
1000 3327 1032 3382 et
1064 3320 1242 3385 conductus
1264 3331 1296 3385 et
1329 3319 1469 3405 pedagia

299 3423 418 3488 deserti
440 3422 586 3486 dicebant
613 3424 655 3487 ad
676 3441 715 3485 se
739 3430 898 3503 spectare.
942 3421 1152 3488 conabantur
1172 3445 1249 3510 ergo
1271 3426 1397 3488 Arabes
1418 3423 1467 3487 illi

184 3551 191 3565 ·
297 3545 399 3592 onera
421 3529 565 3610 recipere
572 3573 582 3609 ,
604 3525 701 3589 atilli
723 3526 877 3589 nolebant
899 3525 1075 3613 dimittere,
1104 3549 1146 3593 ex
1168 3548 1232 3614 quo
1262 3529 1385 3593 tautum
1407 3527 1469 3592 tuit

297 3639 422 3695 tantum
443 3631 643 3715 disturbium,
663 3630 750 3715 quod
772 3647 833 3692 uos
853 3631 916 3713 ipsi
934 3635 1118 3716 accepimus
1144 3653 1243 3697 onera
1264 3642 1296 3697 et
1315 3650 1377 3695 nec
1394 3631 1468 3695 istis

296 3753 358 3798 nec
378 3735 444 3798 illis
462 3734 623 3802 dimittere
644 3735 844 3815 volebamus,
866 3734 926 3797 sed
948 3737 1090 3800 bumaria
1115 3738 1234 3801 uostris
1255 3738 1468 3819 imposuimus

298 3848 332 3900 et
354 3841 505 3902 conversi
525 3841 558 3902 in
581 3841 809 3902 monasterium
829 3841 947 3932 reverti
962 3843 1151 3926 incepimus,
1165 3851 1201 3905 ut
1217 3859 1289 3905 cnm
1310 3836 1469 3921 adjutorio

301 3929 408 4006 calin
429 3952 463 4007 et
483 3943 610 4007 abbatis
642 3945 827 4007 monasterii
851 3955 883 4009 et
909 3947 1051 4010 Arabum
1074 3946 1233 4027 capitanei
1254 3943 1389 4027 pacifice
1409 3959 1470 4005 aa·

297 4046 436 4109 condere
469 4065 648 4130 possemus.
703 4050 777 4111 lloc
808 4066 880 4112 cum
910 4048 1071 4112 vidissent
1092 4049 1220 4112 Arabes
1259 4057 1293 4110 et
1320 4047 1468 4130 asinarii,

215 4193 224 4211 .
296 4151 378 4212 uniti
412 4158 489 4213 sunt
511 4159 544 4213 et
571 4169 684 4234 pacem
707 4169 746 4214 ac
774 4152 934 4215 silentium
967 4171 1005 4215 ae
1038 4153 1203 4217 babituros
1239 4152 1470 4234 promiserunt,

297 4261 420 4317 tantum
444 4273 487 4317 ne
506 4257 540 4316 ln
562 4257 790 4319 mornasterium
813 4263 1049 4320 reverteremur
1069 4259 1285 4340 precabantur
1315 4265 1349 4320 et
1370 4271 1468 4320 reac-

298 4359 403 4442 ceptie
423 4359 576 4424 oneribus
595 4376 616 4422 a
637 4359 733 4424 nobis
753 4375 826 4424 cum
847 4361 1078 4445 tranquillitate
1097 4357 1311 4426 ascendimus.
