3202 5218
817 309 882 374 522

276 509 349 556 oum
371 505 490 572 magru
512 491 695 555 reverentia
727 489 908 573 respondite
937 490 1086 554 homines
1115 489 1179 552 isti
1203 490 1376 574 peregrini
1396 501 1465 553 anot
1546 487 1547 492 ’

274 605 307 658 et
328 595 536 660 locosancto
558 603 712 659 terrarum
735 605 914 659 orostrarnm
929 613 1086 679 quaerere
1109 605 1290 658 venerunt
1312 606 1347 658 et
1368 597 1466 656 itemt-

274 717 348 762 uem
392 697 538 782 laedere,
572 701 731 763 neminem
771 700 925 764 invadere
961 700 1109 783 nullique
1149 717 1282 764 trucere
1326 703 1466 783 eupiunt.

274 799 457 868 Audientes
478 813 595 868 -autem
627 805 661 867 in
683 803 794 888 Gaza,
814 805 878 868 boo
909 814 979 886 est,
1000 805 1034 868 iti
1068 806 1293 888 Jerusalem,
1315 804 1468 888 quosdam

273 909 466 992 pestilentes
489 911 638 974 homines
666 911 781 994 vagari
809 929 868 993 per
890 909 1070 992 desertum,
1100 911 1167 993 qui
1190 913 1326 993 passim
1348 909 1468 972 violare

274 1021 483 1097 praesumunt
504 1005 641 1078 'mirum
664 1014 857 1080 conductum
888 1014 1007 1078 domini
1028 1014 1171 1078 Solduni
1184 1059 1196 1096 ,
1220 1015 1411 1097 spoliantes
1440 1023 1468 1076 et

277 1128 438 1182 vexantes
469 1127 692 1204 transeuntes,
713 1121 811 1183 etiam
833 1119 981 1183 Cairinoa
1007 1120 1147 1208 nobiles,
1182 1123 1332 1184 robusta
1365 1127 1467 1182 mente

275 1224 437 1306 potiemur
456 1241 478 1287 a
497 1224 785 1289 'l'rntsebelmanno
815 1225 974 1288 licentiam
999 1224 1123 1288 ferendi
1153 1242 1270 1307 arma,
1295 1233 1333 1286 ut
1355 1241 1468 1286 occur·

277 1339 387 1393 rentes
417 1331 597 1394 turbatores
642 1331 807 1394 libertatis·
837 1331 1037 1413 benignitate
1074 1329 1204 1392 domini
1246 1328 1391 1393 Soldani
1424 1329 1467 1389 eis

275 1423 464 1499 conessum
487 1444 620 1518 possent
642 1443 675 1496 et
693 1437 757 1518 ipsi
778 1437 907 1499 turbare
939 1445 971 1500 et
991 1435 1186 1518 profligare3
1213 1436 1285 1498 hac
1308 1433 1354 1497 de
1374 1449 1466 1496 causa

273 1539 341 1622 (b)
363 1539 480 1622 gladiis
501 1540 649 1620 accincti,
671 1540 809 1602 arcubus
829 1541 942 1604 muniti
962 1541 1115 1604 incedunt
1136 1541 1212 1608 isti.
1260 1541 1342 1603 Hoc
1363 1535 1466 1599 audito

273 1659 431 1725 responso
450 1644 608 1706 convertit
630 1661 667 1706 se
686 1646 726 1708 ad
749 1644 887 1707 famulos
908 1664 987 1711 euos
1008 1655 1040 1708 et
1058 1644 1210 1728 jocundo
1234 1645 1352 1708 umiue
1374 1640 1463 1707 dixit:

275 1763 371 1827 ecce,
392 1747 448 1809 iati
471 1747 588 1810 Franci
610 1747 802 1810 audaciores
830 1757 907 1812 sunt
928 1751 1118 1834 Aegyptiis3
1141 1751 1172 1812 si
1197 1748 1326 1828 Mauri,
1350 1745 1465 1808 Sarra-

274 1849 566 1933 oeni,blamaiucoi
587 1853 673 1916 illins
692 1863 802 1916 essent
824 1854 990 1938 audaciae,
1006 1854 1124 1918 dudum
1143 1855 1275 1917 inisset
1300 1851 1460 1914 desertum

274 1973 294 2018 a
314 1955 493 2020 latronibus
506 1967 539 2019 et
560 1959 776 2040 praedonibus
792 1970 975 2042 purgatum.
1005 1960 1063 2024 Sic
1084 1978 1163 2043 ergo
1182 1961 1243 2023 vir
1265 1958 1327 2020 iile
1346 1954 1464 2037 optime

274 2061 336 2125 fuit
357 2072 528 2126 contentus
550 2073 583 2126 et
603 2083 663 2147 per
689 2063 838 2128 catinum
859 2065 1084 2128 salutationem
1107 2063 1326 2128 amicabilem
1349 2055 1462 2124 obtulit

274 2182 414 2250 eumque
427 2167 469 2230 de
483 2178 595 2232 nostro
616 2171 741 2252 itinere,
763 2168 804 2234 de
825 2171 928 2253 patria
941 2179 1054 2233 nostra
1075 2179 1108 2232 et
1121 2170 1197 2232 aliis
1214 2163 1461 2233 conditionibus

274 2271 498 2355 interrogavit,
509 2291 571 2336 nos
581 2293 661 2337 vero
677 2293 736 2356 per
747 2272 896 2337 catinum
912 2275 953 2337 ab
976 2293 1016 2337 eo
1031 2275 1272 2357 quaesivimus,
1291 2291 1336 2336 uu
1361 2279 1460 2331 naves

276 2380 444 2441 onerariae
465 2377 506 2440 de
519 2377 609 2440 lndia
630 2379 798 2442 venissent
819 2381 853 2441 in
867 2380 954 2444 'l'hor
975 2397 1048 2442 cum
1066 2379 1248 2462 speciebus
1273 2369 1458 2440 aromaticis
1546 2401 1547 2404 ¹

276 2490 311 2543 et
331 2481 361 2544 ai
379 2483 508 2563 species
529 2483 604 2544 iliae
626 2482 742 2546 ductae
763 2493 872 2547 essent
894 2485 928 2547 in
950 2483 1190 2548 Alexandriam.
1220 2485 1278 2547 De
1301 2482 1368 2544 boc
1388 2473 1457 2538 ideo

275 2586 497 2668 quaestionem
530 2587 684 2671 lecimus,
717 2589 794 2673 quia
824 2606 896 2652 eum
930 2590 1002 2652 istis
1036 2589 1209 2671 speciebus
1246 2591 1283 2653 iu
1318 2581 1456 2648 navibus
1546 2565 1547 2595 ¹

199 2739 208 2764 .
273 2689 504 2754 Alexandrinis
534 2693 568 2754 iu
589 2693 714 2756 ltaliam
745 2694 956 2757 trenslretare
980 2695 1192 2777 sperabamus
1215 2711 1293 2757 noa.
1339 2684 1454 2751 Statim

275 2803 383 2858 autem
398 2796 448 2860 vir
470 2805 607 2859 mentem
621 2809 764 2861 nostram
779 2798 937 2862 intellexit
960 2807 993 2860 et
1004 2798 1134 2880 plenum
1148 2813 1353 2880 responsum
1369 2785 1454 2854 dedit

275 2897 400 2982 diceus,
415 2901 500 2982 quod
522 2911 598 2964 ante
613 2902 721 2985 plures
741 2903 811 2966 dies
828 2921 930 2966 naves
950 2905 1102 2967 lttdianae
1124 2905 1157 2966 in
1172 2903 1269 2968 'inm
1284 2898 1455 2966 venisseut
1528 2920 1535 2934 ·

274 3013 308 3066 et
315 3005 382 3086 J‘am
393 3015 466 3070 actu
477 3008 607 3088 species
618 3010 810 3072 aromaticae
820 3007 1014 3072 ducerentur
1024 3011 1058 3070 in
1067 3007 1199 3071 camelis
1210 3009 1248 3070 iu
1259 3008 1450 3088 Aegyptum

275 3108 317 3171 ad
339 3107 470 3173 Geinum
493 3120 526 3172 et
547 3111 589 3174 de
606 3109 703 3176 cairo
724 3132 784 3196 per
803 3113 913 3176 Nilum
934 3114 1129 3178 veherentur
1150 3110 1391 3176 Alexandriam
1413 3097 1451 3163 ad

277 3226 368 3274 mare
386 3229 537 3295 magnum
554 3223 591 3278 et
612 3217 656 3280 ibi
670 3219 731 3280 iam
754 3226 879 3281 starent
899 3237 1002 3282 naues
1017 3217 1260 3282 Alexandrinae
1283 3215 1327 3279 de
1340 3211 1450 3274 Vene-

274 3315 330 3377 iiia
350 3324 383 3376 et
404 3305 614 3382 onerarentur
645 3323 736 3384 ocius
758 3339 956 3384 recessurae.
1000 3325 1074 3386 lloc
1100 3339 1173 3386 oum
1195 3322 1448 3388 audivissem,

273 3418 403 3482 solliciti
426 3420 503 3483 iacti
526 3439 637 3486 snmus
669 3425 766 3487 valde
787 3427 955 3509 timentes,
985 3445 1027 3489 ue
1048 3447 1151 3491 naves
1173 3439 1249 3490 ante
1272 3425 1446 3490 adventurn

273 3531 419 3590 nostrum
442 3525 475 3587 in
496 3526 726 3592 Alexandriam
750 3529 955 3614 recederent,
977 3532 1054 3614 quia
1075 3535 1105 3596 si
1130 3534 1193 3596 hoc
1215 3532 1340 3595 iactum
1366 3523 1446 3588 itti!-

273 3637 341 3714 set,
365 3631 399 3696 iu
419 3630 619 3698 Alexandria
639 3635 782 3700 hiemare
802 3653 940 3700 necesse
961 3637 1091 3720 suisset,
1114 3637 1198 3722 quod
1219 3638 1316 3700 uobis
1339 3631 1445 3709 utique

274 3735 391 3799 iitiaaet
405 3737 677 3804 molestissimum.
706 3739 763 3804 Sic
777 3757 855 3824 ergo
868 3742 919 3806 vir
940 3743 994 3806 ilie
1011 3744 1169 3806 velociter
1183 3757 1243 3804 noa
1256 3731 1443 3826 praecessit

273 3857 335 3926 uos
356 3859 435 3903 vero
457 3843 544 3907 lente
564 3848 734 3911 satiacum
752 3849 872 3911 uostris
895 3851 1028 3914 camelis
1044 3849 1260 3931 sequebamur
1280 3856 1314 3909 et
1329 3845 1370 3906 ab
1390 3833 1442 3899 itia

272 3943 554 4029 bura-iucopimns
575 3967 651 4012 asae
680 3951 811 4015 solliciti
832 3961 866 4015 et
887 3952 1002 4018 Galino
1034 3972 1075 4016 ac
1095 3951 1278 4016 camelariis
1306 3937 1439 4018 molesti,
1542 3985 1543 3992 κ

273 4047 469 4132 instigantes
481 4069 539 4114 eos
560 4064 739 4137 opportune
752 4065 784 4119 et
801 4057 982 4140 importune
998 4054 1038 4122 ad
1053 4059 1241 4121 celeriorem
1256 4059 1439 4138 processum

274 4161 306 4216 et
328 4162 362 4218 ut
385 4155 605 4221 accelerarent
625 4159 693 4222 iter.

1540 4175 1542 4228 l
