3204 5216
892 235 897 244 ι

130 468 291 552 confingit
334 466 418 547 heo,
447 463 536 548 quod
574 463 638 530 siit
686 467 810 551 placet,
852 477 886 532 et
912 467 1114 532 moenem
1145 467 1311 534 lotrn‘totos

1 557 2 620 Ῑ
133 579 344 658 componunt.

211 664 378 741 Stetimus
399 685 478 758 ergo
512 676 574 738 snb
610 675 718 759 lupide
751 676 918 760 proedicto
954 686 988 746 et
1020 685 1085 740 tom
1113 676 1310 742 Mochometi

130 783 279 848 insenius
310 797 409 864 quum
430 780 610 862 prophetae
630 781 683 842 sui
704 797 815 844 orsum
840 783 923 847 sotis
945 781 1136 863 derisimus,
1158 788 1190 843 et
1211 783 1258 844 ltu
1289 800 1311 844 c

132 907 223 952 muro
250 883 479 950 descendi-us
507 893 540 946 et
561 884 595 947 in
627 885 796 949 civitatem
821 885 1020 950 ludaeorum
1041 885 1201 967 venimus,
1224 903 1310 967 quse

134 1001 186 1056 est
205 993 240 1056 in
263 991 349 1056 olivo
368 1005 467 1071 super
487 987 607 1052 vellem
627 988 798 1071 Josuphut,
821 991 855 1052 in
877 1009 941 1073 quo
959 989 1139 1071 Judaeum,
1172 991 1230 1072 qui
1249 1007 1309 1053 nos

134 1097 284 1179 dncebu,
309 1094 494 1175 derisimus,
515 1092 663 1156 dicentes
683 1095 757 1176 sibl,
780 1093 866 1178 quod
887 1093 1061 1177 prudenter
1078 1094 1198 1158 Jnduei
1216 1109 1309 1156 ouum

135 1202 302 1266 &vitutem
322 1201 357 1262 in
386 1197 460 1262 loco
484 1195 599 1280 judieii
619 1197 821 1282 locaverint,
851 1209 888 1261 nt
917 1200 991 1261 sine
1023 1198 1125 1280 latigo
1158 1193 1319 1262 veniendi¹

134 1313 317 1388 resurgunt,
349 1304 595 1385 inperpetuum
629 1300 812 1371 damnandi.
856 1303 906 1366 Dc
936 1302 992 1366 illo
1020 1289 1237 1366 coemeterieo
1268 1300 1309 1364 ud

134 1425 339 1473 communem
369 1407 456 1470 νὶιιιιι
491 1405 738 1490 descendimus,
770 1427 829 1490 per
853 1426 949 1492 quom
980 1406 1022 1483 cd
1053 1415 1194 1471 montem
1217 1405 1338 1489 Sputr'

133 1510 366 1580 odseeudimus
387 1509 428 1573 ud
449 1508 523 1573 loco
542 1519 663 1575 nostru.
706 1512 854 1594 Ingressi
874 1521 981 1576 cutem
1003 1509 1177 1594 hospitium
1205 1509 1309 1573 domi·
1359 1561 1363 1570 .

133 1633 248 1680 nurum
280 1616 522 1699 peregrinorum
553 1615 774 1679 invitaverunt
811 1615 930 1708 domini
950 1615 1076 1695 milites·
1091 1633 1144 1686 ms
1172 1623 1205 1677 et
1227 1614 1336 1678 duos·
1455 1655 1461 1664 ·
1492 1605 1496 1612 '

136 1729 247 1802 potres
266 1720 418 1802 minores,
440 1726 474 1781 et
495 1709 735 1784 dnosJudueos
751 1731 784 1783 et
802 1740 899 1786 nnum
920 1719 1136 1798 Ssrrocrnum
1155 1727 1188 1781 et
1208 1737 1306 1797 unum

136 1821 376 1886 Homrlsccnm
397 1821 439 1886 od
460 1839 614 1904 menum,
643 1832 676 1886 et
707 1825 877 1890 habuimus
900 1824 1002 1887 simul
1018 1824 1142 1887 ‘loetum
1164 1803 1309 1905 coensis,

137 1927 289 2010 quumvis
310 1925 432 1990 diversi
453 1943 602 1989 essemus
624 1925 689 1990 ilde
713 1935 748 1990 et
770 1929 920 1992 moribus.
966 1928 1101 2011 Propter
1128 1927 1310 2009 hujusmodi

137 2040 248 2095 sutem
278 2031 588 2094 communicationes
616 2049 688 2094 cum
726 2033 911 2096 infidelibus
944 2050 1094 2096 necesse.
1108 2041 1159 2094 est
1190 2032 1310 2095 habere

138 2136 303 2200 licendum
318 2135 438 2198 domini
447 2135 567 2219 Papae,
584 2134 659 2198 dnm
673 2140 747 2220 quis
764 2138 835 2201 vult
845 2135 1086 2218 lerosolymam
1095 2136 1307 2218 peregrinari.

222 2238 346 2318 Quinto
367 2238 434 2320 die,
456 2256 541 2321 quoe
568 2247 619 2300 est
644 2238 788 2321 gloriose
821 2241 924 2323 putris
946 2239 1048 2302 nostri
1072 2237 1107 2299 S.
1134 2237 1308 2320 Dominiel,

137 2345 340 2428 patriarches
360 2343 494 2408 fratrum
526 2341 806 2428 Praedicatorum,
841 2343 959 2408 Officio
980 2351 1015 2405 et
1047 2341 1201 2425 prandio,
1215 2341 1306 2406 linito

1 2499 2 2502 η
139 2447 229 2513 venit
249 2447 512 2531 suctnytonco,
546 2444 681 2511 eatinus
703 2449 820 2532 major,
848 2460 881 2514 et
913 2447 1022 2532 exegit
1041 2466 1061 2511 a
1082 2448 1225 2532 quolibet
1246 2465 1308 2559 pe:
1399 2533 1402 2538 Ι

2 2590 5 2601 ·
139 2554 267 2636 tegrino
298 2552 440 2636 quinque
479 2549 614 2618 ducatos
646 2554 681 2615 ln
708 2553 955 2619 delelcstiunem
996 2554 1171 2636 conscripti
1198 2554 1317 2636 pretii,

141 2657 269 2740 dicens,
300 2675 338 2720 se
359 2675 423 2719 non
444 2656 566 2720 habere
596 2657 630 2721 in
662 2667 790 2741 promtu
821 2671 962 2741 tontum,
1001 2668 1036 2722 nt
1065 2657 1307 2740 dispositionem

139 2761 248 2826 locere
279 2763 437 2845 inciperet
461 2779 519 2843 pro
540 2771 652 2830 nostro
673 2783 732 2845 per
753 2763 919 2829 desertum
945 2763 1109 2826 ductione.
1154 2761 1208 2822 Ne
1229 2779 1308 2846 ergo

140 2869 175 2931 in
206 2875 370 2947 posterum
401 2864 523 2928 diceret
530 2901 556 2942 ,.
574 2881 634 2930 nos
666 2867 770 2930 luisse
801 2881 933 2933 oensem
967 2876 1076 2933 tentae
1108 2863 1308 2947 tordationis,

142 2970 331 3036 tradidimus
355 2969 418 3036 sibi
448 2972 639 3052 pecuniam,
670 2971 805 3053 qnllibet
836 2973 869 3036 V
897 2971 1041 3034 duculos.
1087 2965 1152 3046 uui
1173 2977 1307 3052 eccepto

143 3094 220 3138 rnro
242 3076 349 3139 luctus
371 3075 433 3138 luit
454 3074 586 3138 hilarior
612 3083 647 3136 ot
665 3076 812 3157 promisit
844 3075 952 3157 nobis,
977 3071 1062 3156 quod
1083 3073 1204 3155 omnis,
1225 3090 1308 3156 quse

141 3179 184 3242 sb
206 3197 246 3242 eo
266 3189 468 3261 peteremus,
500 3177 815 3264 adimpleremus,
847 3182 877 3243 sl
898 3188 1021 3263 posset.
1063 3177 1209 3241 Petimus
1229 3189 1307 3260 ergo

142 3301 228 3364 eum,
252 3292 288 3346 ut
309 3301 370 3346 nos
392 3281 552 3346 introduci
575 3283 699 3346 luceret
720 3286 753 3347 in
775 3284 879 3350 locum
901 3285 1080 3346 nativitatis
1101 3283 1309 3350 beatissimus

142 3386 267 3450 Horise
298 3387 463 3470 Virginis,
485 3387 520 3450 in
553 3405 619 3470 quo
644 3387 783 3452 nundum
818 3391 992 3454 inermus.
1034 3384 1098 3463 uui
1126 3375 1307 3471 respondit:

143 3509 213 3554 rem
245 3485 428 3571 difficilem,
462 3509 483 3553 o
516 3490 637 3553 domini
675 3496 857 3576 peregrini,
894 3492 1100 3576 postulastis,
1136 3495 1211 3578 quis
1241 3491 1307 3556 non

142 3596 280 3677 potestis
301 3597 339 3658 ln
355 3595 571 3661 musicarum
591 3597 774 3660 nativitatis
784 3598 909 3661 Murice
919 3597 1067 3680 Virginis
1088 3592 1225 3676 ingredi,
1246 3593 1309 3655 nisi

141 3716 201 3782 per
221 3701 408 3764 muschesm
428 3721 524 3765 nnrun
536 3699 728 3764 Surseenis
750 3703 913 3784 devotum,
932 3702 966 3763 in
988 3719 1084 3784 quum
1107 3715 1168 3762 vos
1190 3699 1310 3760 intrare

143 3803 195 3867 lu
215 3823 282 3868 non
303 3814 368 3889 est,
399 3823 461 3870 nec
483 3803 551 3868 nllo
573 3813 668 3887 puoto
697 3803 885 3868 videntibus
907 3803 1098 3868 sarrecenis
1119 3821 1180 3866 vor
1203 3803 1309 3865 lutro-

142 3903 263 3971 dncere
284 3926 385 3973 ansus
406 3910 486 3993 sim,
516 3907 590 3972 ideo
618 3917 744 3991 oportet
771 3919 962 3993 exspectare
990 3919 1116 3992 tempus
1143 3907 1309 3989 vesperti-

142 4029 237 4095 num,
257 4021 291 4083 el
311 4023 387 4078 tunc
408 4015 533 4078 mittum
563 4013 659 4075 vobis
680 4012 785 4096 Alro,
817 4014 917 4078 lilium
939 4027 1061 4096 meum,
1083 4022 1116 4076 et
1137 4029 1195 4094 per
1216 4010 1310 4075 vicos

5 4115 6 4122 ³
142 4116 288 4180 occultos
307 4135 369 4182 vos
391 4115 491 4182 ducet
508 4117 551 4181 od
576 4117 754 4201 loonm,.et
772 4117 961 4204 inponam,
982 4128 1017 4182 ut
1042 4114 1308 4181 imromittsminl.

142 4219 315 4301 Ego-vero
344 4239 418 4286 cum
451 4222 589 4287 dominis
617 4222 805 4288 consulibus
838 4243 911 4307 ero,
939 4225 1141 4288 occasionem
1165 4221 1310 4282 retinen-

143 4323 176 4388 di
198 4343 260 4390 vos
296 4327 394 4392 simul
426 4345 606 4411 querens,
636 4346 679 4389 no
698 4346 759 4391 vos
795 4338 908 4392 notent
941 4327 1035 4391 illum
1072 4341 1169 4408 quem
1199 4320 1310 4405 petitis

1105 4427 1122 4483 t
