3202 5218
154 466 293 532 mecerin
313 465 348 530 in
369 464 497 529 modum
519 463 601 528 mori
624 461 677 526 vel
688 464 779 546 sepis
797 461 1026 546 circumducto,
1045 480 1087 525 ue
1099 463 1172 545 qois
1194 465 1324 531 incaute

150 569 320 633 ambulans
351 568 386 630 iu
424 585 583 652 praeceps
613 574 744 631 corruet
785 576 819 631 et
845 585 886 630 ne
920 568 1133 650 respicientes
1167 567 1207 630 eb
1236 571 1323 634 omni

150 681 244 756 porte
274 672 424 736 deorsum
450 672 638 735 horrescunt
669 677 800 754 propter
820 670 1028 736 eltidudiuem
1050 681 1082 734 et
1118 678 1154 733 ut
1176 674 1321 738 securior

151 784 186 839 et
215 776 345 838 liberior
379 774 435 838 llot
465 776 508 838 ibi
543 773 766 837 deambulatio.
810 776 846 837 lu
879 774 983 838 medio
1015 778 1117 858 petrei
1147 776 1322 856 pavimenti

154 891 208 944 est
228 897 294 942 nne
314 888 469 944 oevetnrn
490 878 532 942 ed
552 881 831 962 consignetionem
851 881 983 943 hument
1005 881 1149 962 corporis
1169 881 1321 968 sopinum

152 985 299 1065 incentis,
321 1001 383 1046 neo
404 991 455 1045 est
480 983 615 1046 multum
637 984 671 1046 iu
691 993 814 1065 petrem
832 983 1023 1066 protundum
1044 983 1104 1046 sed
1125 991 1262 1067 tentum,
1283 995 1321 1050 ut

154 1106 272 1172 corpus
289 1087 405 1170 jacens
423 1087 457 1150 in
477 1105 518 1150 eo
539 1087 663 1169 replent
690 1095 877 1150 csvoturorn
906 1098 940 1151 et
965 1087 1101 1172 sequele
1136 1091 1322 1171 perimente

154 1191 277 1275 reliquo
297 1192 351 1254 sit
394 1190 488 1254 llaec
505 1200 661 1255 covetnro
689 1209 755 1254 non
779 1192 864 1255 ferm
882 1202 938 1255 ent
959 1193 1067 1275 aliquo
1088 1193 1246 1257 artificum
1268 1197 1322 1258 in·

152 1305 331 1360 strumento
345 1304 397 1358 est
418 1295 513 1377 lecte,
535 1293 595 1359 sed
617 1295 808 1359 miraculose
828 1297 999 1378 irnpresse.
1042 1297 1129 1360 Dum
1151 1300 1238 1362 enim
1259 1317 1322 1362 on-

152 1401 219 1484 geli
242 1399 506 1465 deslexsndrie
523 1417 641 1483 corpus
663 1400 801 1482 virginis
820 1400 861 1462 od
883 1402 969 1465 lruuc
995 1400 1100 1464 locum
1130 1400 1324 1468 detulissent

153 1513 187 1568 et
206 1523 305 1587 super
322 1505 449 1587 plenem
473 1514 505 1568 et
526 1491 731 1570 durissimum
752 1513 877 1586 petrem
897 1503 976 1568 illud
999 1505 1218 1586 collocarem,
1247 1527 1324 1572 mox

15 1690 19 1700 ·
153 1618 259 1691 petre,
281 1608 431 1690 angelice
450 1609 573 1672 vlrtute
601 1618 730 1692 egente,
754 1625 849 1671 secro
871 1610 997 1691 corpori
1018 1610 1129 1690 cessit,
1155 1609 1242 1673 sicut
1263 1627 1322 1674 ce-

153 1711 199 1775 dit
211 1728 287 1774 cere
308 1711 415 1775 mollis
435 1712 560 1794 corpori
581 1711 661 1776 duro
684 1722 716 1774 et
727 1712 821 1794 gravi
842 1712 904 1776 eibi
925 1713 1132 1796 superposito
1154 1722 1187 1776 et
1204 1731 1323 1796 corpus

153 1831 305 1898 premens
321 1815 384 1878 sibi
400 1817 464 1898 lpsi
475 1815 612 1878 loculum
620 1816 892 1898 proportionatum
904 1818 962 1880 toti
972 1817 1096 1900 corpori
1107 1816 1324 1900 configuravit
1349 1872 1352 1890 ,

154 1927 185 1982 et
196 1919 230 1981 iu
248 1937 287 1981 eo
306 1916 390 1980 ultre
409 1928 574 2006 trecentos
591 1935 694 1982 euuos
711 1920 856 2001 ignotum
870 1920 1051 1984 hominihus
1062 1921 1121 1983 snb
1134 1908 1332 2004 ungulorum

153 2019 388 2103 costodieffll
398 2023 445 2104 o)
455 2023 557 2106 jeouit
568 2033 601 2087 et
612 2003 797 2107 quievitin
809 2023 903 2107 cujus
919 2024 1088 2106 custodite
1100 2025 1229 2105 signnm
1246 2032 1324 2087 suut
1388 2037 1392 2044 ·

152 2127 194 2192 slr
205 2135 340 2210 utroque
354 2126 641 2192 letereceveturee
662 2135 756 2208 eptee
773 2125 815 2189 sd
833 2126 1023 2212 sedendum,
1044 2147 1085 2201 oc
1100 2131 1131 2191 si
1149 2128 1267 2213 edonis
1278 2129 1324 2192 ili

153 2231 313 2312 sedisset3
346 2231 506 2315 siquidem
524 2241 557 2294 et
578 2231 685 2315 angeli
704 2232 847 2313 corporis
866 2232 1019 2296 custodes
1041 2232 1086 2295 ibi
1103 2233 1253 2296 dicontur
1267 2250 1325 2295 se·

153 2334 252 2417 disse,
276 2335 360 2398 lorte
371 2335 776 2418 inessumtiscorporibus,
798 2335 884 2400 sicut
899 2337 934 2400 in
948 2335 1120 2419 Scriptura
1135 2354 1231 2402 soors
1252 2337 1322 2400 ire-

154 2447 291 2522 quenter
306 2449 598 2522 commemorentur
608 2441 752 2522 stetisse,
763 2439 960 2523 ambulasse,
978 2441 1121 2524 volasse,
1139 2451 1172 2506 et
1187 2443 1325 2526 angelus

154 2545 398 2607 resurrectionis
419 2542 600 2608 dominicae
616 2547 749 2610 nuntius
762 2545 878 2609 dicitur
899 2545 1146 2629 superlepidem
1160 2546 1324 2630 sepulchri

152 2646 410 2730 sedissemus
432 2649 584 2712 llllvlll.
596 2659 630 2713 et
650 2651 754 2714 llerci
764 2649 856 2712 XVl.
880 2647 1038 2727 Quemvis
1060 2659 1167 2714 entem
1185 2649 1322 2732 sugelus

153 2754 187 2813 iu
206 2760 351 2816 eesumto
368 2769 502 2836 corpore
516 2755 615 2817 etiem
635 2753 753 2818 sedere
780 2753 896 2816 volens
913 2771 978 2816 non
1003 2753 1148 2836 indigent
1174 2753 1323 2817 sellesut

156 2855 247 2940 sede,
268 2859 356 2926 sicot
380 2873 442 2918 rrec
473 2860 634 2942 sessione,
662 2859 768 2924 locum
800 2867 907 2921 temen
939 2858 1081 2920 sessioni
1102 2866 1211 2939 eptum
1231 2856 1324 2938 juxto

154 2977 273 3058 oprpus
287 2977 416 3024 socrum
436 2961 575 3044 virginis
594 2962 824 3046 formaverunt,
845 2970 879 3024 ut
891 2978 931 3024 se
948 2960 1051 3024 luisse
1063 2961 1216 3025 custodes
1234 2959 1323 3043 pori

154 3065 298 3148 corporis
335 3083 463 3148 semper
494 3075 736 3130 commonentes
772 3066 876 3129 suueri
908 3064 1098 3128 indicerent.
1153 3063 1321 3143 Quomodo

152 3176 260 3230 notem
287 3185 405 3252 eorpus
433 3170 570 3256 virginis
597 3171 650 3235 hio
670 3173 713 3235 sit
744 3171 912 3234 inventum
945 3177 977 3233 et
1000 3169 1078 3233 lnde
1098 3170 1132 3232 in
1153 3176 1322 3234 monmte-
1450 3231 1459 3242 ,

155 3273 236 3336 rium
260 3274 460 3358 translatum,
476 3275 606 3359 *peteblt
628 3277 705 3340 lolio
727 3280 758 3340 4.

234 3376 289 3441 Ad
309 3377 448 3443 loculum
478 3397 556 3463 ergo
576 3382 713 3465 virginis
741 3399 801 3445 uos
831 3379 1064 3462 prostrevimus
1093 3387 1127 3441 ct
1147 3381 1183 3441 ln
1211 3378 1333 3461 ipsum.

153 3499 218 3545 non
240 3500 282 3545 ex
313 3485 554 3566 praesumtione
583 3487 638 3550 vel
664 3505 707 3549 ex
724 3487 928 3566 curiositete,
958 3482 1019 3547 sed
1055 3503 1096 3547 ex
1117 3485 1239 3566 pietme
1259 3499 1321 3546 nos

152 3588 319 3668 posuimus
352 3597 385 3650 ct
415 3605 552 3671 corpore
571 3600 684 3654 nostre
711 3587 1045 3654 commensurevlmus
1072 3599 1248 3653 ceveturse
1284 3593 1322 3649 et

151 3690 256 3772 ipsum
289 3690 405 3774 longos
436 3701 581 3757 stotnree
606 3695 709 3757 inisse
740 3692 1020 3778 deprehendimus.
1071 3695 1212 3757 Demnm
1244 3691 1319 3754 dum

153 3792 259 3859 locum
286 3795 374 3859 illum
407 3807 555 3862 sunctum
588 3798 696 3862 debito
717 3797 890 3862 vel-nobis
911 3795 1058 3882 possibili
1075 3797 1197 3864 honore
1217 3807 1325 3864 veue-.

153 3901 213 3963 reti
234 3900 419 3990 fuissemus,
442 3907 659 3970 convertimus
681 3915 742 3966 nos
763 3901 803 3965 od
827 3902 898 3968 olio.
