<?xml version="1.0" encoding="UTF-8"?>
<!DOCTYPE html PUBLIC "-//W3C//DTD XHTML 1.0 Transitional//EN"
    "http://www.w3.org/TR/xhtml1/DTD/xhtml1-transitional.dtd">
<html xmlns="http://www.w3.org/1999/xhtml" xml:lang="en" lang="en">
 <head>
  <title>
</title>
<meta http-equiv="Content-Type" content="text/html;charset=utf-8" />
  <meta name='ocr-system' content='tesseract 3.04.00' />
  <meta name='ocr-capabilities' content='ocr_page ocr_carea ocr_par ocr_line ocrx_word'/>
</head>
<body>
  <div class='ocr_page' id='page_1' title='image "./fratrisfelicisf04fabrgoog_0015.png"; bbox 0 0 3132 5206; ppageno 0'>
   <div class='ocr_carea' id='block_1_1' title="bbox 685 290 829 357">
    <p class='ocr_par' dir='ltr' id='par_1_1' title="bbox 685 290 829 357">
     <span class='ocr_line' id='line_1_1' title="bbox 685 290 829 357; baseline 0 -53"><span class='ocrx_word' id='word_1_1' title='bbox 685 290 708 357; x_wconf 59' lang='lat'>3</span> <span class='ocrx_word' id='word_1_2' title='bbox 826 299 829 304; x_wconf 9' lang='lat' dir='ltr'>A</span> 
     </span>
    </p>
   </div>
   <div class='ocr_carea' id='block_1_2' title="bbox 1 469 1341 1186">
    <p class='ocr_par' dir='ltr' id='par_1_2' title="bbox 1 469 1286 876">
     <span class='ocr_line' id='line_1_2' title="bbox 117 469 1286 554; baseline -0.003 -17"><span class='ocrx_word' id='word_1_3' title='bbox 117 471 246 538; x_wconf 82' lang='lat' dir='ltr'><strong>stabunt</strong></span> <span class='ocrx_word' id='word_1_4' title='bbox 267 474 304 534; x_wconf 92' lang='lat' dir='ltr'><strong>tn</strong></span> <span class='ocrx_word' id='word_1_5' title='bbox 323 469 510 534; x_wconf 84' lang='lat' dir='ltr'><strong>Jemsatem</strong></span> <span class='ocrx_word' id='word_1_6' title='bbox 530 478 607 554; x_wconf 88' lang='lat' dir='ltr'><strong>post</strong></span> <span class='ocrx_word' id='word_1_7' title='bbox 629 489 739 536; x_wconf 88' lang='lat' dir='ltr'><strong>eorum</strong></span> <span class='ocrx_word' id='word_1_8' title='bbox 759 470 892 536; x_wconf 87' lang='lat' dir='ltr'><strong>obitum.</strong></span> <span class='ocrx_word' id='word_1_9' title='bbox 934 470 1061 535; x_wconf 82' lang='lat' dir='ltr'><strong>invitus</strong></span> <span class='ocrx_word' id='word_1_10' title='bbox 1082 485 1146 552; x_wconf 79' lang='lat' dir='ltr'><strong>ego</strong></span> <span class='ocrx_word' id='word_1_11' title='bbox 1167 469 1286 534; x_wconf 89' lang='lat' dir='ltr'><strong>vellem</strong></span> 
     </span>
     <span class='ocr_line' id='line_1_3' title="bbox 1 574 1286 660; baseline -0.002 -18"><span class='ocrx_word' id='word_1_12' title='bbox 1 629 2 656; x_wconf 72' lang='lat'><strong>,</strong></span> <span class='ocrx_word' id='word_1_13' title='bbox 119 596 193 642; x_wconf 88' lang='lat' dir='ltr'><strong>esse</strong></span> <span class='ocrx_word' id='word_1_14' title='bbox 213 577 408 660; x_wconf 81' lang='lat' dir='ltr'><strong>peregrinus</strong></span> <span class='ocrx_word' id='word_1_15' title='bbox 429 574 464 638; x_wconf 93' lang='lat' dir='ltr'><strong>ln</strong></span> <span class='ocrx_word' id='word_1_16' title='bbox 481 574 669 640; x_wconf 75' lang='lat' dir='ltr'><strong>Jerusalem</strong></span> <span class='ocrx_word' id='word_1_17' title='bbox 697 575 747 640; x_wconf 85' lang='lat' dir='ltr'><strong>eis</strong></span> <span class='ocrx_word' id='word_1_18' title='bbox 769 575 967 641; x_wconf 88' lang='lat' dir='ltr'><strong>absentibus.</strong></span> <span class='ocrx_word' id='word_1_19' title='bbox 1005 574 1097 639; x_wconf 89' lang='lat' dir='ltr'><strong>Unus</strong></span> <span class='ocrx_word' id='word_1_20' title='bbox 1118 575 1213 640; x_wconf 88' lang='lat' dir='ltr'><strong>borno</strong></span> <span class='ocrx_word' id='word_1_21' title='bbox 1234 584 1286 640; x_wconf 83' lang='lat' dir='ltr'><strong>cst</strong></span> 
     </span>
     <span class='ocr_line' id='line_1_4' title="bbox 1 676 1285 768; baseline 0 -25"><span class='ocrx_word' id='word_1_22' title='bbox 1 699 2 743; x_wconf 73' lang='lat'>3</span> <span class='ocrx_word' id='word_1_23' title='bbox 118 682 283 768; x_wconf 83' lang='lat' dir='ltr'><strong>praefatus</strong></span> <span class='ocrx_word' id='word_1_24' title='bbox 305 679 616 760; x_wconf 66' lang='lat' dir='ltr'><strong>Fraterdohannes.</strong></span> <span class='ocrx_word' id='word_1_25' title='bbox 659 680 753 747; x_wconf 85' lang='lat' dir='ltr'><strong>Alter</strong></span> <span class='ocrx_word' id='word_1_26' title='bbox 774 691 826 744; x_wconf 89' lang='lat' dir='ltr'><strong>est</strong></span> <span class='ocrx_word' id='word_1_27' title='bbox 845 679 1054 765; x_wconf 77' lang='lat' dir='ltr'><strong>ntpbuhatto,</strong></span> <span class='ocrx_word' id='word_1_28' title='bbox 1074 676 1285 762; x_wconf 84' lang='lat' dir='ltr'><strong>Sarracenos,</strong></span> 
     </span>
     <span class='ocr_line' id='line_1_5' title="bbox 1 780 1261 876; baseline -0.005 -26"><span class='ocrx_word' id='word_1_29' title='bbox 1 869 2 876; x_wconf 6' lang='grc' dir='ltr'>ἵ</span> <span class='ocrx_word' id='word_1_30' title='bbox 122 785 256 850; x_wconf 78' lang='lat' dir='ltr'><strong>cunm</strong></span> <span class='ocrx_word' id='word_1_31' title='bbox 280 786 400 869; x_wconf 88' lang='lat' dir='ltr'><strong>minor,</strong></span> <span class='ocrx_word' id='word_1_32' title='bbox 422 786 661 868; x_wconf 88' lang='lat' dir='ltr'><strong>bonushomo,</strong></span> <span class='ocrx_word' id='word_1_33' title='bbox 687 785 729 850; x_wconf 90' lang='lat' dir='ltr'><strong>de</strong></span> <span class='ocrx_word' id='word_1_34' title='bbox 751 804 815 871; x_wconf 85' lang='lat' dir='ltr'><strong>quc</strong></span> <span class='ocrx_word' id='word_1_35' title='bbox 836 803 896 850; x_wconf 91' lang='lat' dir='ltr'><strong>suc</strong></span> <span class='ocrx_word' id='word_1_36' title='bbox 918 780 1123 851; x_wconf 86' lang='lat' dir='ltr'><strong>locedicam.</strong></span> <span class='ocrx_word' id='word_1_37' title='bbox 1258 811 1261 819; x_wconf 93' lang='lat'>·</span> 
     </span>
    </p>

    <p class='ocr_par' dir='ltr' id='par_1_3' title="bbox 1 887 1341 1186">
     <span class='ocr_line' id='line_1_6' title="bbox 200 887 1286 974; baseline -0.002 -22"><span class='ocrx_word' id='word_1_38' title='bbox 200 892 306 972; x_wconf 79' lang='lat' dir='ltr'><strong>Igitur</strong></span> <span class='ocrx_word' id='word_1_39' title='bbox 344 907 419 957; x_wconf 85' lang='lat' dir='ltr'><strong>cunt</strong></span> <span class='ocrx_word' id='word_1_40' title='bbox 450 891 619 974; x_wconf 84' lang='lat' dir='ltr'><strong>processio</strong></span> <span class='ocrx_word' id='word_1_41' title='bbox 653 899 743 954; x_wconf 85' lang='lat' dir='ltr'><strong>esset</strong></span> <span class='ocrx_word' id='word_1_42' title='bbox 768 889 921 964; x_wconf 81' lang='lat' dir='ltr'><strong>ordinate</strong></span> <span class='ocrx_word' id='word_1_43' title='bbox 948 888 1068 972; x_wconf 80' lang='lat' dir='ltr'><strong>etjam</strong></span> <span class='ocrx_word' id='word_1_44' title='bbox 1089 887 1234 970; x_wconf 86' lang='lat' dir='ltr'><strong>perlecta</strong></span> <span class='ocrx_word' id='word_1_45' title='bbox 1254 897 1286 950; x_wconf 88' lang='lat' dir='ltr'><strong>et</strong></span> 
     </span>
     <span class='ocr_line' id='line_1_7' title="bbox 1 985 1341 1078; baseline -0.001 -20"><span class='ocrx_word' id='word_1_46' title='bbox 1 990 2 1002; x_wconf 72' lang='grc'>’</span> <span class='ocrx_word' id='word_1_47' title='bbox 118 993 206 1058; x_wconf 78' lang='lat' dir='ltr'><strong>truta</strong></span> <span class='ocrx_word' id='word_1_48' title='bbox 231 1014 272 1058; x_wconf 89' lang='lat' dir='ltr'><strong>eo</strong></span> <span class='ocrx_word' id='word_1_49' title='bbox 296 994 410 1078; x_wconf 91' lang='lat' dir='ltr'><strong>modo,</strong></span> <span class='ocrx_word' id='word_1_50' title='bbox 431 1012 496 1078; x_wconf 89' lang='lat' dir='ltr'><strong>quo</strong></span> <span class='ocrx_word' id='word_1_51' title='bbox 529 985 652 1058; x_wconf 85' lang='lat' dir='ltr'><strong>dictum</strong></span> <span class='ocrx_word' id='word_1_52' title='bbox 681 987 1203 1076; x_wconf 69' lang='lat' dir='ltr'><strong>estlcl.11tlh‘.,&#39;&#39;preedictus</strong></span> <span class='ocrx_word' id='word_1_53' title='bbox 1235 989 1284 1056; x_wconf 76' lang='lat' dir='ltr'><strong>vr‘r</strong></span> <span class='ocrx_word' id='word_1_54' title='bbox 1335 991 1341 998; x_wconf 83' lang='grc'><strong>“</strong></span> 
     </span>
     <span class='ocr_line' id='line_1_8' title="bbox 118 1096 1289 1186; baseline -0.003 -24"><span class='ocrx_word' id='word_1_55' title='bbox 118 1097 232 1164; x_wconf 74' lang='lat' dir='ltr'><strong>b&#39;reter</strong></span> <span class='ocrx_word' id='word_1_56' title='bbox 252 1098 427 1167; x_wconf 81' lang='lat' dir='ltr'><strong>Jcbannes</strong></span> <span class='ocrx_word' id='word_1_57' title='bbox 454 1115 520 1162; x_wconf 80' lang='lat' dir='ltr'><strong>uns</strong></span> <span class='ocrx_word' id='word_1_58' title='bbox 540 1099 621 1164; x_wconf 81' lang='lat' dir='ltr'><strong>bore</strong></span> <span class='ocrx_word' id='word_1_59' title='bbox 639 1108 718 1168; x_wconf 85' lang='lat' dir='ltr'><strong>ante</strong></span> <span class='ocrx_word' id='word_1_60' title='bbox 738 1101 846 1162; x_wconf 89' lang='lat' dir='ltr'><strong>noctis</strong></span> <span class='ocrx_word' id='word_1_61' title='bbox 870 1098 1011 1162; x_wconf 89' lang='lat' dir='ltr'><strong>medium</strong></span> <span class='ocrx_word' id='word_1_62' title='bbox 1032 1099 1226 1160; x_wconf 85' lang='lat' dir='ltr'><strong>convocavit</strong></span> <span class='ocrx_word' id='word_1_63' title='bbox 1247 1096 1289 1186; x_wconf 82' lang='lat' dir='ltr'><strong>nd</strong></span> 
     </span>
    </p>
   </div>
   <div class='ocr_carea' id='block_1_3' title="bbox 120 1201 1291 1498">
    <p class='ocr_par' dir='ltr' id='par_1_4' title="bbox 120 1201 1291 1498">
     <span class='ocr_line' id='line_1_9' title="bbox 120 1201 1291 1304; baseline -0.003 -38"><span class='ocrx_word' id='word_1_64' title='bbox 120 1220 155 1266; x_wconf 87' lang='lat' dir='ltr'><strong>sc</strong></span> <span class='ocrx_word' id='word_1_65' title='bbox 174 1221 290 1267; x_wconf 90' lang='lat' dir='ltr'><strong>ornnes</strong></span> <span class='ocrx_word' id='word_1_66' title='bbox 312 1206 506 1288; x_wconf 69' lang='lat' dir='ltr'><strong>peregrinos</strong></span> <span class='ocrx_word' id='word_1_67' title='bbox 536 1201 662 1268; x_wconf 89' lang='lat' dir='ltr'><strong>nobiles</strong></span> <span class='ocrx_word' id='word_1_68' title='bbox 703 1203 847 1268; x_wconf 86' lang='lat' dir='ltr'><strong>militiam</strong></span> <span class='ocrx_word' id='word_1_69' title='bbox 880 1220 1048 1268; x_wconf 74' lang='lat' dir='ltr'><strong>assumere</strong></span> <span class='ocrx_word' id='word_1_70' title='bbox 1079 1201 1230 1304; x_wconf 86' lang='lat' dir='ltr'><strong>volentes</strong></span> <span class='ocrx_word' id='word_1_71' title='bbox 1256 1201 1291 1262; x_wconf 93' lang='lat' dir='ltr'><strong>in</strong></span> 
     </span>
     <span class='ocr_line' id='line_1_10' title="bbox 121 1304 1289 1394; baseline -0.004 -22"><span class='ocrx_word' id='word_1_72' title='bbox 121 1306 294 1372; x_wconf 78' lang='lat' dir='ltr'><strong>eeclesiam</strong></span> <span class='ocrx_word' id='word_1_73' title='bbox 323 1306 582 1392; x_wconf 82' lang='lat' dir='ltr'><strong>Golgathanam,</strong></span> <span class='ocrx_word' id='word_1_74' title='bbox 612 1310 676 1374; x_wconf 88' lang='lat' dir='ltr'><strong>hoo</strong></span> <span class='ocrx_word' id='word_1_75' title='bbox 697 1320 767 1394; x_wconf 87' lang='lat' dir='ltr'><strong>est,</strong></span> <span class='ocrx_word' id='word_1_76' title='bbox 788 1312 823 1372; x_wconf 89' lang='lat' dir='ltr'><strong>tn</strong></span> <span class='ocrx_word' id='word_1_77' title='bbox 847 1307 999 1392; x_wconf 86' lang='lat' dir='ltr'><strong>chorum,</strong></span> <span class='ocrx_word' id='word_1_78' title='bbox 1030 1307 1084 1372; x_wconf 92' lang='lat' dir='ltr'><strong>nbi</strong></span> <span class='ocrx_word' id='word_1_79' title='bbox 1106 1314 1158 1369; x_wconf 90' lang='lat' dir='ltr'><strong>est</strong></span> <span class='ocrx_word' id='word_1_80' title='bbox 1179 1304 1289 1368; x_wconf 87' lang='lat' dir='ltr'><strong>mundi</strong></span> 
     </span>
     <span class='ocr_line' id='line_1_11' title="bbox 120 1410 1289 1498; baseline -0.002 -22"><span class='ocrx_word' id='word_1_81' title='bbox 120 1411 267 1498; x_wconf 81' lang='lat' dir='ltr'><strong>medium,</strong></span> <span class='ocrx_word' id='word_1_82' title='bbox 288 1420 327 1476; x_wconf 90' lang='lat' dir='ltr'><strong>ut</strong></span> <span class='ocrx_word' id='word_1_83' title='bbox 347 1421 437 1496; x_wconf 87' lang='lat' dir='ltr'><strong>patet</strong></span> <span class='ocrx_word' id='word_1_84' title='bbox 467 1413 522 1478; x_wconf 85' lang='lat' dir='ltr'><strong>lol.</strong></span> <span class='ocrx_word' id='word_1_85' title='bbox 550 1413 611 1478; x_wconf 70' lang='lat' dir='ltr'><strong>tt?</strong></span> <span class='ocrx_word' id='word_1_86' title='bbox 630 1414 685 1498; x_wconf 76' lang='lat' dir='ltr'><strong>A,</strong></span> <span class='ocrx_word' id='word_1_87' title='bbox 707 1424 740 1478; x_wconf 89' lang='lat' dir='ltr'><strong>et</strong></span> <span class='ocrx_word' id='word_1_88' title='bbox 761 1413 932 1478; x_wconf 81' lang='lat' dir='ltr'><strong>collocetis</strong></span> <span class='ocrx_word' id='word_1_89' title='bbox 953 1420 1028 1476; x_wconf 86' lang='lat' dir='ltr'><strong>ante</strong></span> <span class='ocrx_word' id='word_1_90' title='bbox 1049 1429 1088 1476; x_wconf 89' lang='lat' dir='ltr'><strong>se</strong></span> <span class='ocrx_word' id='word_1_91' title='bbox 1107 1410 1289 1492; x_wconf 89' lang='lat' dir='ltr'><strong>comitibus,</strong></span> 
     </span>
    </p>
   </div>
   <div class='ocr_carea' id='block_1_4' title="bbox 8 1516 1289 1619">
    <p class='ocr_par' dir='ltr' id='par_1_5' title="bbox 8 1516 1289 1619">
     <span class='ocr_line' id='line_1_12' title="bbox 8 1516 1289 1619; baseline 0 -41"><span class='ocrx_word' id='word_1_92' title='bbox 8 1606 13 1619; x_wconf 36' lang='grc'><strong><em>·</em></strong></span> <span class='ocrx_word' id='word_1_93' title='bbox 120 1518 291 1582; x_wconf 88' lang='lat' dir='ltr'><strong>baronibus</strong></span> <span class='ocrx_word' id='word_1_94' title='bbox 331 1527 367 1580; x_wconf 88' lang='lat' dir='ltr'><strong>et</strong></span> <span class='ocrx_word' id='word_1_95' title='bbox 396 1517 559 1583; x_wconf 89' lang='lat' dir='ltr'><strong>nobilibus</strong></span> <span class='ocrx_word' id='word_1_96' title='bbox 596 1519 718 1602; x_wconf 90' lang='lat' dir='ltr'><strong>incepit</strong></span> <span class='ocrx_word' id='word_1_97' title='bbox 747 1521 797 1584; x_wconf 88' lang='lat' dir='ltr'><strong>eis</strong></span> <span class='ocrx_word' id='word_1_98' title='bbox 830 1518 905 1601; x_wconf 85' lang='lat' dir='ltr'><strong>jura</strong></span> <span class='ocrx_word' id='word_1_99' title='bbox 939 1516 1072 1583; x_wconf 87' lang='lat' dir='ltr'><strong>militiae</strong></span> <span class='ocrx_word' id='word_1_100' title='bbox 1117 1533 1289 1602; x_wconf 82' lang='lat' dir='ltr'><strong>exponere,</strong></span> 
     </span>
    </p>
   </div>
   <div class='ocr_carea' id='block_1_5' title="bbox 119 1620 1291 1708">
    <p class='ocr_par' dir='ltr' id='par_1_6' title="bbox 119 1620 1291 1708">
     <span class='ocr_line' id='line_1_13' title="bbox 119 1620 1291 1708; baseline -0.002 -22"><span class='ocrx_word' id='word_1_101' title='bbox 119 1621 159 1686; x_wconf 83' lang='lat' dir='ltr'><strong>llt</strong></span> <span class='ocrx_word' id='word_1_102' title='bbox 178 1623 284 1706; x_wconf 86' lang='lat' dir='ltr'><strong>primo</strong></span> <span class='ocrx_word' id='word_1_103' title='bbox 305 1622 477 1707; x_wconf 74' lang='lat' dir='ltr'><strong>prohibuit,</strong></span> <span class='ocrx_word' id='word_1_104' title='bbox 499 1642 540 1688; x_wconf 88' lang='lat' dir='ltr'><strong>oe</strong></span> <span class='ocrx_word' id='word_1_105' title='bbox 561 1623 635 1708; x_wconf 87' lang='lat' dir='ltr'><strong>quis</strong></span> <span class='ocrx_word' id='word_1_106' title='bbox 655 1622 698 1690; x_wconf 85' lang='lat' dir='ltr'><strong>ed</strong></span> <span class='ocrx_word' id='word_1_107' title='bbox 718 1624 862 1688; x_wconf 89' lang='lat' dir='ltr'><strong>militiam</strong></span> <span class='ocrx_word' id='word_1_108' title='bbox 890 1620 1130 1706; x_wconf 76' lang='lat' dir='ltr'><strong>suscipiendam</strong></span> <span class='ocrx_word' id='word_1_109' title='bbox 1153 1635 1291 1702; x_wconf 60' lang='lat' dir='ltr'><strong>prucou·v</strong></span> 
     </span>
    </p>
   </div>
   <div class='ocr_carea' id='block_1_6' title="bbox 122 1723 1387 1813">
    <p class='ocr_par' dir='ltr' id='par_1_7' title="bbox 122 1723 1387 1813">
     <span class='ocr_line' id='line_1_14' title="bbox 122 1723 1387 1813; baseline -0.006 -22"><span class='ocrx_word' id='word_1_110' title='bbox 122 1733 219 1791; x_wconf 84' lang='lat' dir='ltr'><strong>meret</strong></span> <span class='ocrx_word' id='word_1_111' title='bbox 239 1725 411 1810; x_wconf 88' lang='lat' dir='ltr'><strong>accedere,</strong></span> <span class='ocrx_word' id='word_1_112' title='bbox 432 1728 495 1791; x_wconf 87' lang='lat' dir='ltr'><strong>nisi</strong></span> <span class='ocrx_word' id='word_1_113' title='bbox 518 1729 637 1794; x_wconf 90' lang='lat' dir='ltr'><strong>nobilis</strong></span> <span class='ocrx_word' id='word_1_114' title='bbox 658 1747 679 1791; x_wconf 84' lang='lat' dir='ltr'><strong>e</strong></span> <span class='ocrx_word' id='word_1_115' title='bbox 699 1738 837 1812; x_wconf 82' lang='lat' dir='ltr'><strong>quotuor</strong></span> <span class='ocrx_word' id='word_1_116' title='bbox 856 1728 1115 1813; x_wconf 71' lang='lat' dir='ltr'><strong>progenitoribus</strong></span> <span class='ocrx_word' id='word_1_117' title='bbox 1136 1723 1291 1807; x_wconf 82' lang='lat' dir='ltr'><strong>proximis</strong></span> <span class='ocrx_word' id='word_1_118' title='bbox 1385 1726 1387 1730; x_wconf 83' lang='grc'><strong>’</strong></span> 
     </span>
    </p>
   </div>
   <div class='ocr_carea' id='block_1_7' title="bbox 124 1830 1338 2334">
    <p class='ocr_par' dir='ltr' id='par_1_8' title="bbox 124 1830 1338 2334">
     <span class='ocr_line' id='line_1_15' title="bbox 125 1830 1291 1915; baseline -0.003 -23"><span class='ocrx_word' id='word_1_119' title='bbox 125 1846 198 1892; x_wconf 87' lang='lat' dir='ltr'><strong>esse</strong></span> <span class='ocrx_word' id='word_1_120' title='bbox 216 1831 386 1915; x_wconf 83' lang='lat' dir='ltr'><strong>probetur,</strong></span> <span class='ocrx_word' id='word_1_121' title='bbox 407 1842 440 1896; x_wconf 89' lang='lat' dir='ltr'><strong>et</strong></span> <span class='ocrx_word' id='word_1_122' title='bbox 461 1833 547 1915; x_wconf 84' lang='lat' dir='ltr'><strong>qnod</strong></span> <span class='ocrx_word' id='word_1_123' title='bbox 567 1833 612 1898; x_wconf 89' lang='lat' dir='ltr'><strong>sit</strong></span> <span class='ocrx_word' id='word_1_124' title='bbox 635 1833 832 1906; x_wconf 83' lang='lat' dir='ltr'><strong>sufficientis</strong></span> <span class='ocrx_word' id='word_1_125' title='bbox 853 1833 1064 1913; x_wconf 84' lang='lat' dir='ltr'><strong>substantiae,</strong></span> <span class='ocrx_word' id='word_1_126' title='bbox 1083 1830 1205 1913; x_wconf 89' lang='lat' dir='ltr'><strong>justus,</strong></span> <span class='ocrx_word' id='word_1_127' title='bbox 1226 1845 1291 1890; x_wconf 91' lang='lat' dir='ltr'><strong>non</strong></span> 
     </span>
     <span class='ocr_line' id='line_1_16' title="bbox 124 1933 1291 2022; baseline -0.001 -26"><span class='ocrx_word' id='word_1_128' title='bbox 124 1933 260 2018; x_wconf 56' lang='lat' dir='ltr'><strong>intumis</strong></span> <span class='ocrx_word' id='word_1_129' title='bbox 282 1953 350 1998; x_wconf 91' lang='lat' dir='ltr'><strong>non</strong></span> <span class='ocrx_word' id='word_1_130' title='bbox 372 1945 501 2002; x_wconf 77' lang='lat' dir='ltr'><strong>notetus</strong></span> <span class='ocrx_word' id='word_1_131' title='bbox 522 1938 564 2004; x_wconf 85' lang='lat' dir='ltr'><strong>tle</strong></span> <span class='ocrx_word' id='word_1_132' title='bbox 585 1938 695 2022; x_wconf 86' lang='lat' dir='ltr'><strong>aliqua</strong></span> <span class='ocrx_word' id='word_1_133' title='bbox 712 1939 826 2005; x_wconf 86' lang='lat' dir='ltr'><strong>infami</strong></span> <span class='ocrx_word' id='word_1_134' title='bbox 847 1937 1061 2000; x_wconf 74' lang='lat' dir='ltr'><strong>inhonestate.</strong></span> <span class='ocrx_word' id='word_1_135' title='bbox 1089 1935 1291 1998; x_wconf 72' lang='lat' dir='ltr'><strong>protestatus</strong></span> 
     </span>
     <span class='ocr_line' id='line_1_17' title="bbox 125 2041 1338 2129; baseline -0.002 -27"><span class='ocrx_word' id='word_1_136' title='bbox 125 2047 172 2102; x_wconf 85' lang='lat' dir='ltr'><strong>est</strong></span> <span class='ocrx_word' id='word_1_137' title='bbox 192 2049 320 2122; x_wconf 86' lang='lat' dir='ltr'><strong>autern,</strong></span> <span class='ocrx_word' id='word_1_138' title='bbox 341 2041 478 2124; x_wconf 84' lang='lat' dir='ltr'><strong>quodsi</strong></span> <span class='ocrx_word' id='word_1_139' title='bbox 499 2042 618 2129; x_wconf 85' lang='lat' dir='ltr'><strong>aliquis</strong></span> <span class='ocrx_word' id='word_1_140' title='bbox 640 2044 818 2107; x_wconf 89' lang='lat' dir='ltr'><strong>accesserit</strong></span> <span class='ocrx_word' id='word_1_141' title='bbox 841 2059 907 2107; x_wconf 88' lang='lat' dir='ltr'><strong>uon</strong></span> <span class='ocrx_word' id='word_1_142' title='bbox 928 2041 1075 2122; x_wconf 86' lang='lat' dir='ltr'><strong>idonens,</strong></span> <span class='ocrx_word' id='word_1_143' title='bbox 1098 2045 1133 2102; x_wconf 87' lang='lat' dir='ltr'><strong>et</strong></span> <span class='ocrx_word' id='word_1_144' title='bbox 1152 2053 1291 2122; x_wconf 82' lang='lat' dir='ltr'><strong>percus·</strong></span> <span class='ocrx_word' id='word_1_145' title='bbox 1326 2062 1338 2087; x_wconf 89' lang='lat'><strong>·</strong></span> 
     </span>
     <span class='ocr_line' id='line_1_18' title="bbox 127 2139 1293 2232; baseline -0.004 -26"><span class='ocrx_word' id='word_1_146' title='bbox 127 2145 203 2208; x_wconf 86' lang='lat' dir='ltr'><strong>sioni</strong></span> <span class='ocrx_word' id='word_1_147' title='bbox 223 2165 263 2210; x_wconf 90' lang='lat' dir='ltr'><strong>se</strong></span> <span class='ocrx_word' id='word_1_148' title='bbox 298 2145 488 2232; x_wconf 78' lang='lat' dir='ltr'><strong>subjecerit,</strong></span> <span class='ocrx_word' id='word_1_149' title='bbox 522 2146 607 2232; x_wconf 69' lang='lat' dir='ltr'><strong>prod</strong></span> <span class='ocrx_word' id='word_1_150' title='bbox 629 2149 799 2231; x_wconf 77' lang='lat' dir='ltr'><strong>percussio</strong></span> <span class='ocrx_word' id='word_1_151' title='bbox 820 2146 877 2210; x_wconf 87' lang='lat' dir='ltr'><strong>illa</strong></span> <span class='ocrx_word' id='word_1_152' title='bbox 897 2163 962 2208; x_wconf 91' lang='lat' dir='ltr'><strong>non</strong></span> <span class='ocrx_word' id='word_1_153' title='bbox 982 2154 1110 2226; x_wconf 81' lang='lat' dir='ltr'><strong>teuent,</strong></span> <span class='ocrx_word' id='word_1_154' title='bbox 1132 2159 1195 2204; x_wconf 89' lang='lat' dir='ltr'><strong>neo</strong></span> <span class='ocrx_word' id='word_1_155' title='bbox 1216 2139 1293 2203; x_wconf 83' lang='lat' dir='ltr'><strong>telis</strong></span> 
     </span>
     <span class='ocr_line' id='line_1_19' title="bbox 128 2244 1308 2334; baseline -0.006 -21"><span class='ocrx_word' id='word_1_156' title='bbox 128 2267 180 2330; x_wconf 88' lang='lat' dir='ltr'><strong>pro</strong></span> <span class='ocrx_word' id='word_1_157' title='bbox 208 2251 311 2316; x_wconf 90' lang='lat' dir='ltr'><strong>milite</strong></span> <span class='ocrx_word' id='word_1_158' title='bbox 340 2253 458 2334; x_wconf 89' lang='lat' dir='ltr'><strong>quovis</strong></span> <span class='ocrx_word' id='word_1_159' title='bbox 486 2251 581 2317; x_wconf 90' lang='lat' dir='ltr'><strong>modo</strong></span> <span class='ocrx_word' id='word_1_160' title='bbox 612 2251 781 2316; x_wconf 80' lang='lat' dir='ltr'><strong>habentus</strong></span> <span class='ocrx_word' id='word_1_161' title='bbox 808 2251 870 2334; x_wconf 90' lang='lat' dir='ltr'><strong>sit,</strong></span> <span class='ocrx_word' id='word_1_162' title='bbox 909 2244 968 2313; x_wconf 89' lang='lat' dir='ltr'><strong>sed</strong></span> <span class='ocrx_word' id='word_1_163' title='bbox 996 2268 1055 2332; x_wconf 89' lang='lat' dir='ltr'><strong>pro</strong></span> <span class='ocrx_word' id='word_1_164' title='bbox 1085 2245 1219 2308; x_wconf 86' lang='lat' dir='ltr'><strong>illusore</strong></span> <span class='ocrx_word' id='word_1_165' title='bbox 1248 2251 1308 2330; x_wconf 81' lang='lat' dir='ltr'><strong>et.</strong></span> 
     </span>
    </p>
   </div>
   <div class='ocr_carea' id='block_1_8' title="bbox 7 2352 1292 2432">
    <p class='ocr_par' dir='ltr' id='par_1_9' title="bbox 7 2352 1292 2432">
     <span class='ocr_line' id='line_1_20' title="bbox 7 2352 1292 2432; baseline -0.002 -18"><span class='ocrx_word' id='word_1_166' title='bbox 7 2364 11 2375; x_wconf 94' lang='grc'><strong><em>·</em></strong></span> <span class='ocrx_word' id='word_1_167' title='bbox 130 2352 267 2420; x_wconf 74' lang='grc' dir='ltr'><strong>ἁιιίιιιο</strong></span> <span class='ocrx_word' id='word_1_168' title='bbox 306 2363 341 2419; x_wconf 89' lang='lat' dir='ltr'><strong>et</strong></span> <span class='ocrx_word' id='word_1_169' title='bbox 362 2354 515 2422; x_wconf 84' lang='lat' dir='ltr'><strong>nobilium</strong></span> <span class='ocrx_word' id='word_1_170' title='bbox 547 2365 755 2423; x_wconf 87' lang='lat' dir='ltr'><strong>contemtore.</strong></span> <span class='ocrx_word' id='word_1_171' title='bbox 804 2355 941 2418; x_wconf 84' lang='lat' dir='ltr'><strong>Domum</strong></span> <span class='ocrx_word' id='word_1_172' title='bbox 971 2353 1117 2420; x_wconf 78' lang='lat' dir='ltr'><strong>hortatus</strong></span> <span class='ocrx_word' id='word_1_173' title='bbox 1147 2358 1198 2414; x_wconf 90' lang='lat' dir='ltr'><strong>est</strong></span> <span class='ocrx_word' id='word_1_174' title='bbox 1221 2363 1292 2432; x_wconf 77' lang='lat' dir='ltr'><strong>cos,</strong></span> 
     </span>
    </p>
   </div>
   <div class='ocr_carea' id='block_1_9' title="bbox 66 2456 1307 4326">
    <p class='ocr_par' dir='ltr' id='par_1_10' title="bbox 66 2456 1307 4326">
     <span class='ocr_line' id='line_1_21' title="bbox 131 2456 1294 2536; baseline -0.005 -16"><span class='ocrx_word' id='word_1_175' title='bbox 131 2466 163 2520; x_wconf 88' lang='lat' dir='ltr'><strong>ut</strong></span> <span class='ocrx_word' id='word_1_176' title='bbox 182 2475 253 2524; x_wconf 82' lang='lat' dir='ltr'><strong>cunr</strong></span> <span class='ocrx_word' id='word_1_177' title='bbox 278 2459 396 2524; x_wconf 84' lang='lat' dir='ltr'><strong>timore</strong></span> <span class='ocrx_word' id='word_1_178' title='bbox 420 2460 482 2524; x_wconf 85' lang='lat' dir='ltr'><strong>Dei</strong></span> <span class='ocrx_word' id='word_1_179' title='bbox 516 2471 648 2526; x_wconf 89' lang='lat' dir='ltr'><strong>etcum</strong></span> <span class='ocrx_word' id='word_1_180' title='bbox 677 2462 861 2526; x_wconf 83' lang='lat' dir='ltr'><strong>reuerentia</strong></span> <span class='ocrx_word' id='word_1_181' title='bbox 891 2456 1049 2523; x_wconf 81' lang='lat' dir='ltr'><strong>accedent</strong></span> <span class='ocrx_word' id='word_1_182' title='bbox 1081 2456 1123 2520; x_wconf 90' lang='lat' dir='ltr'><strong>ad</strong></span> <span class='ocrx_word' id='word_1_183' title='bbox 1154 2471 1294 2536; x_wconf 86' lang='lat' dir='ltr'><strong>suscep·</strong></span> 
     </span>
     <span class='ocr_line' id='line_1_22' title="bbox 132 2561 1295 2650; baseline -0.002 -27"><span class='ocrx_word' id='word_1_184' title='bbox 132 2562 244 2626; x_wconf 88' lang='lat' dir='ltr'><strong>tionem</strong></span> <span class='ocrx_word' id='word_1_185' title='bbox 267 2563 422 2649; x_wconf 88' lang='lat' dir='ltr'><strong>militiae,</strong></span> <span class='ocrx_word' id='word_1_186' title='bbox 455 2573 487 2628; x_wconf 90' lang='lat' dir='ltr'><strong>et</strong></span> <span class='ocrx_word' id='word_1_187' title='bbox 508 2563 617 2649; x_wconf 79' lang='lat' dir='ltr'><strong>Papae</strong></span> <span class='ocrx_word' id='word_1_188' title='bbox 644 2585 684 2631; x_wconf 88' lang='lat' dir='ltr'><strong>ac</strong></span> <span class='ocrx_word' id='word_1_189' title='bbox 704 2564 906 2650; x_wconf 83' lang='lat' dir='ltr'><strong>huperetori‚</strong></span> <span class='ocrx_word' id='word_1_190' title='bbox 938 2581 1071 2646; x_wconf 90' lang='lat' dir='ltr'><strong>quorum</strong></span> <span class='ocrx_word' id='word_1_191' title='bbox 1104 2561 1295 2626; x_wconf 80' lang='lat' dir='ltr'><strong>auctoritate</strong></span> 
     </span>
     <span class='ocr_line' id='line_1_23' title="bbox 132 2661 1295 2753; baseline -0.002 -25"><span class='ocrx_word' id='word_1_192' title='bbox 132 2665 182 2730; x_wconf 90' lang='lat' dir='ltr'><strong>hie</strong></span> <span class='ocrx_word' id='word_1_193' title='bbox 200 2667 305 2737; x_wconf 82' lang='lat' dir='ltr'><strong>honor</strong></span> <span class='ocrx_word' id='word_1_194' title='bbox 326 2668 375 2730; x_wconf 90' lang='lat' dir='ltr'><strong>cis</strong></span> <span class='ocrx_word' id='word_1_195' title='bbox 397 2661 579 2753; x_wconf 83' lang='lat' dir='ltr'><strong>confertur,</strong></span> <span class='ocrx_word' id='word_1_196' title='bbox 610 2673 645 2736; x_wconf 91' lang='lat' dir='ltr'><strong>in</strong></span> <span class='ocrx_word' id='word_1_197' title='bbox 666 2673 813 2736; x_wconf 79' lang='lat' dir='ltr'><strong>omnilms</strong></span> <span class='ocrx_word' id='word_1_198' title='bbox 844 2668 1013 2749; x_wconf 84' lang='lat' dir='ltr'><strong>obediant,</strong></span> <span class='ocrx_word' id='word_1_199' title='bbox 1042 2667 1213 2730; x_wconf 86' lang='lat' dir='ltr'><strong>ecclesiam</strong></span> <span class='ocrx_word' id='word_1_200' title='bbox 1236 2682 1295 2726; x_wconf 85' lang='lat' dir='ltr'><strong>oa·</strong></span> 
     </span>
     <span class='ocr_line' id='line_1_24' title="bbox 133 2769 1297 2857; baseline -0.004 -25"><span class='ocrx_word' id='word_1_201' title='bbox 133 2769 276 2837; x_wconf 80' lang='lat' dir='ltr'><strong>tbolicarn</strong></span> <span class='ocrx_word' id='word_1_202' title='bbox 312 2772 507 2856; x_wconf 87' lang='lat' dir='ltr'><strong>defendant,</strong></span> <span class='ocrx_word' id='word_1_203' title='bbox 544 2783 577 2838; x_wconf 88' lang='lat' dir='ltr'><strong>et</strong></span> <span class='ocrx_word' id='word_1_204' title='bbox 614 2775 686 2857; x_wconf 89' lang='lat' dir='ltr'><strong>ejus</strong></span> <span class='ocrx_word' id='word_1_205' title='bbox 717 2775 792 2857; x_wconf 82' lang='lat' dir='ltr'><strong>jura</strong></span> <span class='ocrx_word' id='word_1_206' title='bbox 824 2779 1069 2851; x_wconf 78' lang='lat' dir='ltr'><strong>meuntcucaut3</strong></span> <span class='ocrx_word' id='word_1_207' title='bbox 1112 2769 1297 2850; x_wconf 90' lang='lat' dir='ltr'><strong>episcopos,</strong></span> 
     </span>
     <span class='ocr_line' id='line_1_25' title="bbox 134 2871 1296 2962; baseline -0.007 -24"><span class='ocrx_word' id='word_1_208' title='bbox 134 2878 305 2942; x_wconf 78' lang='lat' dir='ltr'><strong>monachos</strong></span> <span class='ocrx_word' id='word_1_209' title='bbox 356 2885 390 2940; x_wconf 90' lang='lat' dir='ltr'><strong>et</strong></span> <span class='ocrx_word' id='word_1_210' title='bbox 424 2895 571 2962; x_wconf 87' lang='lat' dir='ltr'><strong>quosque</strong></span> <span class='ocrx_word' id='word_1_211' title='bbox 604 2879 777 2962; x_wconf 76' lang='lat' dir='ltr'><strong>religiosos</strong></span> <span class='ocrx_word' id='word_1_212' title='bbox 816 2888 849 2941; x_wconf 91' lang='lat' dir='ltr'><strong>ct</strong></span> <span class='ocrx_word' id='word_1_213' title='bbox 896 2892 1008 2940; x_wconf 89' lang='lat' dir='ltr'><strong>omncs</strong></span> <span class='ocrx_word' id='word_1_214' title='bbox 1043 2871 1296 2951; x_wconf 83' lang='lat' dir='ltr'><strong>ecclesiasticos,</strong></span> 
     </span>
     <span class='ocr_line' id='line_1_26' title="bbox 136 2974 1295 3068; baseline -0.005 -26"><span class='ocrx_word' id='word_1_215' title='bbox 136 2987 168 3042; x_wconf 91' lang='lat' dir='ltr'><strong>et</strong></span> <span class='ocrx_word' id='word_1_216' title='bbox 187 2980 260 3046; x_wconf 88' lang='lat' dir='ltr'><strong>loca</strong></span> <span class='ocrx_word' id='word_1_217' title='bbox 280 3001 394 3046; x_wconf 86' lang='lat' dir='ltr'><strong>eorum</strong></span> <span class='ocrx_word' id='word_1_218' title='bbox 430 2991 463 3046; x_wconf 90' lang='lat' dir='ltr'><strong>et</strong></span> <span class='ocrx_word' id='word_1_219' title='bbox 492 2983 579 3048; x_wconf 84' lang='lat' dir='ltr'><strong>bona</strong></span> <span class='ocrx_word' id='word_1_220' title='bbox 603 2992 773 3068; x_wconf 78' lang='lat' dir='ltr'><strong>protegent</strong></span> <span class='ocrx_word' id='word_1_221' title='bbox 794 2990 827 3045; x_wconf 87' lang='lat' dir='ltr'><strong>et</strong></span> <span class='ocrx_word' id='word_1_222' title='bbox 857 2988 1021 3060; x_wconf 81' lang='lat' dir='ltr'><strong>tueantur3</strong></span> <span class='ocrx_word' id='word_1_223' title='bbox 1068 2974 1295 3059; x_wconf 82' lang='lat' dir='ltr'><strong>rempublicam</strong></span> 
     </span>
     <span class='ocr_line' id='line_1_27' title="bbox 134 3081 1297 3172; baseline -0.009 -21"><span class='ocrx_word' id='word_1_224' title='bbox 134 3086 263 3166; x_wconf 80' lang='lat' dir='ltr'><strong>pacifice</strong></span> <span class='ocrx_word' id='word_1_225' title='bbox 284 3088 484 3170; x_wconf 68' lang='lat' dir='ltr'><strong>gubernent,</strong></span> <span class='ocrx_word' id='word_1_226' title='bbox 506 3096 540 3150; x_wconf 90' lang='lat' dir='ltr'><strong>et</strong></span> <span class='ocrx_word' id='word_1_227' title='bbox 561 3084 708 3172; x_wconf 86' lang='lat' dir='ltr'><strong>pupillis,</strong></span> <span class='ocrx_word' id='word_1_228' title='bbox 729 3085 852 3170; x_wconf 90' lang='lat' dir='ltr'><strong>viduis,</strong></span> <span class='ocrx_word' id='word_1_229' title='bbox 874 3084 1010 3148; x_wconf 88' lang='lat' dir='ltr'><strong>advenis</strong></span> <span class='ocrx_word' id='word_1_230' title='bbox 1038 3090 1071 3143; x_wconf 88' lang='lat' dir='ltr'><strong>et</strong></span> <span class='ocrx_word' id='word_1_231' title='bbox 1102 3081 1297 3164; x_wconf 80' lang='lat' dir='ltr'><strong>pauperibus</strong></span> 
     </span>
     <span class='ocr_line' id='line_1_28' title="bbox 134 3185 1299 3272; baseline -0.005 -22"><span class='ocrx_word' id='word_1_232' title='bbox 134 3186 288 3268; x_wconf 80' lang='lat' dir='ltr'><strong>justitiam</strong></span> <span class='ocrx_word' id='word_1_233' title='bbox 311 3191 449 3272; x_wconf 77' lang='lat' dir='ltr'><strong>iaciant,</strong></span> <span class='ocrx_word' id='word_1_234' title='bbox 471 3200 505 3255; x_wconf 88' lang='lat' dir='ltr'><strong>ct</strong></span> <span class='ocrx_word' id='word_1_235' title='bbox 525 3210 638 3258; x_wconf 85' lang='lat' dir='ltr'><strong>omnes</strong></span> <span class='ocrx_word' id='word_1_236' title='bbox 657 3191 772 3256; x_wconf 84' lang='lat' dir='ltr'><strong>fideles</strong></span> <span class='ocrx_word' id='word_1_237' title='bbox 794 3191 937 3256; x_wconf 88' lang='lat' dir='ltr'><strong>turbatos</strong></span> <span class='ocrx_word' id='word_1_238' title='bbox 958 3185 1171 3251; x_wconf 88' lang='lat' dir='ltr'><strong>consolentur</strong></span> <span class='ocrx_word' id='word_1_239' title='bbox 1200 3200 1299 3266; x_wconf 87' lang='lat' dir='ltr'><strong>prae-</strong></span> 
     </span>
     <span class='ocr_line' id='line_1_29' title="bbox 135 3288 1303 3378; baseline -0.006 -21"><span class='ocrx_word' id='word_1_240' title='bbox 135 3295 246 3360; x_wconf 82' lang='lat' dir='ltr'><strong>stando</strong></span> <span class='ocrx_word' id='word_1_241' title='bbox 278 3295 490 3378; x_wconf 84' lang='lat' dir='ltr'><strong>adjutorium,</strong></span> <span class='ocrx_word' id='word_1_242' title='bbox 523 3295 598 3360; x_wconf 90' lang='lat' dir='ltr'><strong>dum</strong></span> <span class='ocrx_word' id='word_1_243' title='bbox 620 3298 762 3362; x_wconf 84' lang='lat' dir='ltr'><strong>invocati</strong></span> <span class='ocrx_word' id='word_1_244' title='bbox 796 3297 922 3361; x_wconf 88' lang='lat' dir='ltr'><strong>luerint.</strong></span> <span class='ocrx_word' id='word_1_245' title='bbox 966 3295 1102 3374; x_wconf 87' lang='lat' dir='ltr'><strong>lusuper</strong></span> <span class='ocrx_word' id='word_1_246' title='bbox 1128 3288 1303 3372; x_wconf 77' lang='lat' dir='ltr'><strong>probibuit,²</strong></span> 
     </span>
     <span class='ocr_line' id='line_1_30' title="bbox 137 3394 1301 3485; baseline -0.002 -25"><span class='ocrx_word' id='word_1_247' title='bbox 137 3407 170 3460; x_wconf 92' lang='grc' dir='ltr'><strong>ιιι</strong></span> <span class='ocrx_word' id='word_1_248' title='bbox 189 3417 261 3466; x_wconf 87' lang='lat' dir='ltr'><strong>cum</strong></span> <span class='ocrx_word' id='word_1_249' title='bbox 283 3399 468 3464; x_wconf 76' lang='lat' dir='ltr'><strong>infidelibus</strong></span> <span class='ocrx_word' id='word_1_250' title='bbox 481 3400 571 3465; x_wconf 93' lang='lat' dir='ltr'><strong>nullo</strong></span> <span class='ocrx_word' id='word_1_251' title='bbox 591 3413 687 3485; x_wconf 89' lang='lat' dir='ltr'><strong>pacto</strong></span> <span class='ocrx_word' id='word_1_252' title='bbox 709 3401 960 3484; x_wconf 82' lang='lat' dir='ltr'><strong>foederarentur,</strong></span> <span class='ocrx_word' id='word_1_253' title='bbox 975 3394 1034 3459; x_wconf 90' lang='lat' dir='ltr'><strong>sed</strong></span> <span class='ocrx_word' id='word_1_254' title='bbox 1057 3412 1126 3477; x_wconf 89' lang='lat' dir='ltr'><strong>cos,</strong></span> <span class='ocrx_word' id='word_1_255' title='bbox 1146 3401 1301 3478; x_wconf 84' lang='lat' dir='ltr'><strong>qnantum</strong></span> 
     </span>
     <span class='ocr_line' id='line_1_31' title="bbox 139 3498 1301 3589; baseline -0.009 -20"><span class='ocrx_word' id='word_1_256' title='bbox 139 3504 292 3584; x_wconf 83' lang='lat' dir='ltr'><strong>possibile</strong></span> <span class='ocrx_word' id='word_1_257' title='bbox 320 3505 433 3589; x_wconf 84' lang='lat' dir='ltr'><strong>fuerit,</strong></span> <span class='ocrx_word' id='word_1_258' title='bbox 463 3504 505 3569; x_wconf 89' lang='lat' dir='ltr'><strong>de</strong></span> <span class='ocrx_word' id='word_1_259' title='bbox 525 3509 620 3571; x_wconf 89' lang='lat' dir='ltr'><strong>terris</strong></span> <span class='ocrx_word' id='word_1_260' title='bbox 649 3506 904 3572; x_wconf 77' lang='lat' dir='ltr'><strong>Christianorum</strong></span> <span class='ocrx_word' id='word_1_261' title='bbox 927 3501 1055 3584; x_wconf 86' lang='lat' dir='ltr'><strong>longius</strong></span> <span class='ocrx_word' id='word_1_262' title='bbox 1086 3498 1235 3580; x_wconf 86' lang='lat' dir='ltr'><strong>ejiciant,</strong></span> <span class='ocrx_word' id='word_1_263' title='bbox 1268 3506 1301 3559; x_wconf 85' lang='lat' dir='ltr'><strong>et</strong></span> 
     </span>
     <span class='ocr_line' id='line_1_32' title="bbox 139 3603 1303 3694; baseline -0.005 -26"><span class='ocrx_word' id='word_1_264' title='bbox 139 3609 291 3693; x_wconf 66' lang='lat' dir='ltr'><strong>maimo,</strong></span> <span class='ocrx_word' id='word_1_265' title='bbox 325 3618 361 3674; x_wconf 91' lang='lat' dir='ltr'><strong>ut</strong></span> <span class='ocrx_word' id='word_1_266' title='bbox 381 3613 469 3674; x_wconf 91' lang='lat' dir='ltr'><strong>oruul</strong></span> <span class='ocrx_word' id='word_1_267' title='bbox 500 3622 618 3676; x_wconf 86' lang='lat' dir='ltr'><strong>conatu</strong></span> <span class='ocrx_word' id='word_1_268' title='bbox 647 3603 690 3676; x_wconf 68' lang='lat' dir='ltr'><strong>e&#39;d</strong></span> <span class='ocrx_word' id='word_1_269' title='bbox 717 3613 780 3678; x_wconf 90' lang='lat' dir='ltr'><strong>hoc</strong></span> <span class='ocrx_word' id='word_1_270' title='bbox 804 3611 987 3694; x_wconf 75' lang='lat' dir='ltr'><strong>adspirent,</strong></span> <span class='ocrx_word' id='word_1_271' title='bbox 1020 3609 1183 3688; x_wconf 88' lang='lat' dir='ltr'><strong>quatenus</strong></span> <span class='ocrx_word' id='word_1_272' title='bbox 1215 3610 1303 3664; x_wconf 86' lang='lat' dir='ltr'><strong>terra</strong></span> 
     </span>
     <span class='ocr_line' id='line_1_33' title="bbox 66 3706 1302 3800; baseline -0.004 -25"><span class='ocrx_word' id='word_1_273' title='bbox 66 3747 68 3754; x_wconf 70' lang='lat'><strong>,</strong></span> <span class='ocrx_word' id='word_1_274' title='bbox 139 3721 251 3776; x_wconf 76' lang='lat' dir='ltr'><strong>sonmo</strong></span> <span class='ocrx_word' id='word_1_275' title='bbox 281 3721 315 3778; x_wconf 90' lang='lat' dir='ltr'><strong>et</strong></span> <span class='ocrx_word' id='word_1_276' title='bbox 346 3715 587 3780; x_wconf 76' lang='lat' dir='ltr'><strong>sanctissimum</strong></span> <span class='ocrx_word' id='word_1_277' title='bbox 624 3716 831 3800; x_wconf 85' lang='lat' dir='ltr'><strong>sepulchrum</strong></span> <span class='ocrx_word' id='word_1_278' title='bbox 863 3713 905 3778; x_wconf 93' lang='lat' dir='ltr'><strong>de</strong></span> <span class='ocrx_word' id='word_1_279' title='bbox 934 3711 1083 3776; x_wconf 84' lang='lat' dir='ltr'><strong>muribus</strong></span> <span class='ocrx_word' id='word_1_280' title='bbox 1122 3706 1302 3773; x_wconf 83' lang='lat' dir='ltr'><strong>infidelium</strong></span> 
     </span>
     <span class='ocr_line' id='line_1_34' title="bbox 141 3810 1303 3907; baseline -0.003 -31"><span class='ocrx_word' id='word_1_281' title='bbox 141 3816 309 3902; x_wconf 84' lang='lat' dir='ltr'><strong>eripiatur,</strong></span> <span class='ocrx_word' id='word_1_282' title='bbox 337 3827 370 3881; x_wconf 89' lang='lat' dir='ltr'><strong>et</strong></span> <span class='ocrx_word' id='word_1_283' title='bbox 400 3837 514 3904; x_wconf 69' lang='lat' dir='ltr'><strong>reges,</strong></span> <span class='ocrx_word' id='word_1_284' title='bbox 544 3822 725 3907; x_wconf 86' lang='lat' dir='ltr'><strong>principes,</strong></span> <span class='ocrx_word' id='word_1_285' title='bbox 758 3821 877 3904; x_wconf 86' lang='lat' dir='ltr'><strong>duces,</strong></span> <span class='ocrx_word' id='word_1_286' title='bbox 909 3817 1062 3895; x_wconf 83' lang='lat' dir='ltr'><strong>comites,</strong></span> <span class='ocrx_word' id='word_1_287' title='bbox 1100 3810 1303 3879; x_wconf 83' lang='lat' dir='ltr'><strong>marchiones</strong></span> 
     </span>
     <span class='ocr_line' id='line_1_35' title="bbox 142 3915 1304 4007; baseline -0.005 -23"><span class='ocrx_word' id='word_1_288' title='bbox 142 3929 173 3984; x_wconf 87' lang='lat' dir='ltr'><strong>at</strong></span> <span class='ocrx_word' id='word_1_289' title='bbox 192 3915 340 3989; x_wconf 68' lang='lat' dir='ltr'><strong>meteres</strong></span> <span class='ocrx_word' id='word_1_290' title='bbox 370 3931 514 3989; x_wconf 86' lang='lat' dir='ltr'><strong>armatos</strong></span> <span class='ocrx_word' id='word_1_291' title='bbox 537 3925 579 3989; x_wconf 91' lang='lat' dir='ltr'><strong>ad</strong></span> <span class='ocrx_word' id='word_1_292' title='bbox 599 3927 663 3992; x_wconf 92' lang='lat' dir='ltr'><strong>boc</strong></span> <span class='ocrx_word' id='word_1_293' title='bbox 682 3925 851 4007; x_wconf 81' lang='lat' dir='ltr'><strong>inducant,</strong></span> <span class='ocrx_word' id='word_1_294' title='bbox 882 3932 918 3987; x_wconf 91' lang='lat' dir='ltr'><strong>ut</strong></span> <span class='ocrx_word' id='word_1_295' title='bbox 939 3931 1045 3986; x_wconf 90' lang='lat' dir='ltr'><strong>terrae</strong></span> <span class='ocrx_word' id='word_1_296' title='bbox 1065 3924 1202 3980; x_wconf 78' lang='lat' dir='ltr'><strong>sanctae</strong></span> <span class='ocrx_word' id='word_1_297' title='bbox 1223 3917 1304 3980; x_wconf 86' lang='lat' dir='ltr'><strong>snb-</strong></span> 
     </span>
     <span class='ocr_line' id='line_1_36' title="bbox 145 4023 1305 4113; baseline -0.009 -19"><span class='ocrx_word' id='word_1_298' title='bbox 145 4031 288 4094; x_wconf 71' lang='lat' dir='ltr'><strong>venittur</strong></span> <span class='ocrx_word' id='word_1_299' title='bbox 309 4029 518 4113; x_wconf 76' lang='lat' dir='ltr'><strong>quantocius,</strong></span> <span class='ocrx_word' id='word_1_300' title='bbox 539 4039 573 4096; x_wconf 82' lang='lat' dir='ltr'><strong>ot</strong></span> <span class='ocrx_word' id='word_1_301' title='bbox 592 4030 627 4096; x_wconf 90' lang='lat' dir='ltr'><strong>in</strong></span> <span class='ocrx_word' id='word_1_302' title='bbox 653 4030 726 4112; x_wconf 78' lang='lat' dir='ltr'><strong>ejus</strong></span> <span class='ocrx_word' id='word_1_303' title='bbox 746 4048 936 4096; x_wconf 88' lang='lat' dir='ltr'><strong>succursum</strong></span> <span class='ocrx_word' id='word_1_304' title='bbox 957 4040 1072 4092; x_wconf 85' lang='lat' dir='ltr'><strong>omues</strong></span> <span class='ocrx_word' id='word_1_305' title='bbox 1103 4023 1246 4084; x_wconf 86' lang='lat' dir='ltr'><strong>animent</strong></span> <span class='ocrx_word' id='word_1_306' title='bbox 1271 4030 1305 4084; x_wconf 87' lang='lat' dir='ltr'><strong>et</strong></span> 
     </span>
     <span class='ocr_line' id='line_1_37' title="bbox 144 4125 1306 4220; baseline -0.009 -24"><span class='ocrx_word' id='word_1_307' title='bbox 144 4134 370 4196; x_wconf 76' lang='lat' dir='ltr'><strong>namcsnetem</strong></span> <span class='ocrx_word' id='word_1_308' title='bbox 394 4143 426 4198; x_wconf 91' lang='lat' dir='ltr'><strong>et</strong></span> <span class='ocrx_word' id='word_1_309' title='bbox 447 4135 597 4200; x_wconf 66' lang='lat' dir='ltr'><strong>mucram</strong></span> <span class='ocrx_word' id='word_1_310' title='bbox 617 4136 850 4220; x_wconf 87' lang='lat' dir='ltr'><strong>subjectionem</strong></span> <span class='ocrx_word' id='word_1_311' title='bbox 872 4129 1035 4217; x_wconf 88' lang='lat' dir='ltr'><strong>sepulchri</strong></span> <span class='ocrx_word' id='word_1_312' title='bbox 1056 4125 1205 4192; x_wconf 83' lang='lat' dir='ltr'><strong>fidelibus</strong></span> <span class='ocrx_word' id='word_1_313' title='bbox 1224 4128 1306 4188; x_wconf 85' lang='lat' dir='ltr'><strong>inti-</strong></span> 
     </span>
     <span class='ocr_line' id='line_1_38' title="bbox 147 4231 1307 4326; baseline -0.003 -32"><span class='ocrx_word' id='word_1_314' title='bbox 147 4249 231 4299; x_wconf 82' lang='lat' dir='ltr'><strong>rutrc</strong></span> <span class='ocrx_word' id='word_1_315' title='bbox 250 4237 405 4304; x_wconf 74' lang='lat' dir='ltr'><strong>studeant</strong></span> <span class='ocrx_word' id='word_1_316' title='bbox 426 4241 513 4304; x_wconf 87' lang='lat' dir='ltr'><strong>omui</strong></span> <span class='ocrx_word' id='word_1_317' title='bbox 533 4257 606 4306; x_wconf 89' lang='lat' dir='ltr'><strong>eum</strong></span> <span class='ocrx_word' id='word_1_318' title='bbox 629 4241 805 4326; x_wconf 77' lang='lat' dir='ltr'><strong>diligentia,</strong></span> <span class='ocrx_word' id='word_1_319' title='bbox 821 4250 854 4304; x_wconf 89' lang='lat' dir='ltr'><strong>et</strong></span> <span class='ocrx_word' id='word_1_320' title='bbox 869 4237 956 4323; x_wconf 89' lang='lat' dir='ltr'><strong>qnod</strong></span> <span class='ocrx_word' id='word_1_321' title='bbox 977 4235 1105 4318; x_wconf 89' lang='lat' dir='ltr'><strong>ipsimet</strong></span> <span class='ocrx_word' id='word_1_322' title='bbox 1121 4231 1208 4294; x_wconf 86' lang='lat' dir='ltr'><strong>crnni</strong></span> <span class='ocrx_word' id='word_1_323' title='bbox 1228 4231 1307 4294; x_wconf 89' lang='lat' dir='ltr'><strong>hora</strong></span> 
     </span>
    </p>
   </div>
   <div class='ocr_carea' id='block_1_10' title="bbox 157 4343 1191 4496">
    <p class='ocr_par' dir='ltr' id='par_1_11' title="bbox 157 4343 1191 4496">
     <span class='ocr_line' id='line_1_39' title="bbox 157 4343 1111 4496; baseline -0.02 -80"><span class='ocrx_word' id='word_1_324' title='bbox 157 4343 257 4416; x_wconf 74' lang='lat' dir='ltr'><strong>parati</strong></span> <span class='ocrx_word' id='word_1_325' title='bbox 275 4343 345 4408; x_wconf 83' lang='lat' dir='ltr'><strong>sint</strong></span> <span class='ocrx_word' id='word_1_326' title='bbox 363 4344 540 4439; x_wconf 88' lang='lat' dir='ltr'><strong>procedere</strong></span> <span class='ocrx_word' id='word_1_327' title='bbox 561 4363 619 4430; x_wconf 91' lang='lat' dir='ltr'><strong>pro</strong></span> <span class='ocrx_word' id='word_1_328' title='bbox 637 4345 828 4412; x_wconf 77' lang='lat' dir='ltr'><strong>defensione</strong></span> <span class='ocrx_word' id='word_1_329' title='bbox 848 4353 952 4410; x_wconf 87' lang='lat' dir='ltr'><strong>terrae</strong></span> <span class='ocrx_word' id='word_1_330' title='bbox 976 4345 1111 4496; x_wconf 46' lang='lat' dir='ltr'><strong>sanczac</strong></span> 
     </span>
     <span class='ocr_line' id='line_1_40' title="bbox 254 4443 1191 4495; baseline -0.018 -12"><span class='ocrx_word' id='word_1_331' title='bbox 254 4468 262 4483; x_wconf 88' lang='lat'><strong><em>.</em></strong></span> <span class='ocrx_word' id='word_1_332' title='bbox 961 4483 965 4490; x_wconf 20' lang='grc' dir='ltr'>ἱ</span> <span class='ocrx_word' id='word_1_333' title='bbox 1088 4443 1104 4480; x_wconf 71' lang='grc'><strong><em>.</em></strong></span> <span class='ocrx_word' id='word_1_334' title='bbox 1183 4486 1191 4495; x_wconf 37' lang='grc'><strong>,</strong></span> 
     </span>
    </p>
   </div>
   <div class='ocr_carea' id='block_1_11' title="bbox 0 0 1603 5206">
    <p class='ocr_par' dir='ltr' id='par_1_12' title="bbox 0 0 1603 5206">
     <span class='ocr_line' id='line_1_41' title="bbox 0 0 1603 5206; baseline 0 0"><span class='ocrx_word' id='word_1_335' title='bbox 0 0 1603 5206; x_wconf 95' lang='lat' dir='ltr'><strong> </strong></span> 
     </span>
    </p>
   </div>
  </div>
 </body>
</html>
