3212 5206
320 485 423 554 grege
453 463 495 528 ad
525 458 678 524 interiora
705 455 827 520 deserti
858 453 1023 538 pervenit:
1055 471 1114 535 per
1149 449 1235 515 illam
1265 447 1492 514 arctitudinem

320 573 378 637 vix
399 577 545 655 poterant
567 562 690 628 onerati
710 559 828 624 carneli
854 557 990 642 ingredi.
1035 555 1184 642 Cumque
1212 558 1370 620 ntmraos
1396 573 1494 620 esse-

323 694 414 756 mus,
435 674 468 736 in
491 670 586 734 aliam
608 667 771 751 planitiem
791 665 958 744 venimus,
990 661 1123 725 multum
1153 679 1336 745 amoenam,
1371 663 1495 748 inqua

322 787 415 844 erant
436 777 600 860 gramina,
620 774 741 838 berbae
758 779 790 833 et
816 767 967 851 virgulta.
1003 765 1285 848 liefrlgemvimus
1304 775 1410 831 antem
1433 785 1494 831 noa

321 905 395 950 cnm
419 899 491 946 rore
512 877 698 959 decidente,
721 873 807 960 quod
835 873 947 955 utiquc
964 869 1094 933 dulcius
1115 879 1185 933 erat
1216 871 1329 957 melle,
1362 875 1492 938 omnine

322 986 480 1054 dissimile
501 983 547 1048 illi
573 984 655 1065 rori,
678 999 774 1066 quem
796 978 1000 1062 gustavimus
1022 975 1075 1038 die
1095 976 1234 1055 xviii„
1256 973 1293 1040 'ut
1312 993 1412 1059 supra
1431 995 1493 1060 pa-

322 1095 391 1164 tuit.
433 1091 521 1154 Nam
553 1106 644 1153 roras
665 1088 753 1150 eirca
773 1084 856 1147 baec
883 1089 999 1146 sancta
1025 1080 1098 1144 loca
1127 1079 1283 1143 cadentes
1309 1081 1492 1165 ostendunt,

323 1219 419 1286 quarn
448 1194 556 1259 dulcia
578 1191 672 1255 lirarit
694 1205 812 1286 manna
838 1187 882 1250 ibl
911 1184 987 1249 data
1016 1187 1170 1269 patribus.
1213 1185 1257 1248 lli
1283 1185 1380 1248 bodie
1407 1185 1495 1250 cadit

325 1319 444 1369 manna
465 1299 519 1365 vel
546 1313 601 1360 roe
631 1310 770 1360 mannae
790 1311 849 1374 per
868 1291 1038 1354 circuitum
1068 1292 1173 1354 aeuctl
1195 1291 1313 1353 montis
1335 1289 1438 1374 Synai
1459 1293 1493 1355 in

323 1409 450 1474 dnobus
481 1400 664 1482 mensibus,
696 1399 728 1460 iu
751 1397 903 1479 linguato
925 1405 958 1458 at
989 1395 1190 1478 Septembri,
1226 1395 1312 1479 qued
1333 1395 1493 1478 colligunt

322 1513 451 1578 Arabes
473 1517 505 1571 et
527 1503 673 1569 vendunt
694 1501 883 1585 peregrinis
923 1501 976 1562 Da
996 1499 1058 1563 bec
1078 1516 1194 1564 manna
1215 1498 1349 1563 multum
1371 1499 1439 1563 vidi
1461 1507 1495 1562 el

323 1613 459 1682 comedi.
502 1609 700 1673 Vincentius
727 1606 761 1668 in
792 1603 934 1687 Speculo
962 1603 1101 1668 naturali
1131 1603 1170 1666 [ι.
1192 1604 1248 1666 V.·
1264 1601 1305 1676 C.
1327 1604 1371 1669 85
1399 1603 1494 1672 dicltt

323 1737 441 1787 manna
470 1724 524 1781 est
544 1731 599 1777 ros
618 1709 741 1774 cadens
761 1727 861 1792 super
880 1711 999 1774 herbas
1021 1717 1076 1772 aut
1096 1707 1222 1791 lapides
1252 1716 1285 1771 et
1306 1709 1495 1793 coagulatur

324 1829 410 1890 sicut
431 1822 494 1886 mel
516 1829 550 1883 et
566 1817 752 1882 exsiccatur
772 1814 856 1878 sicut
888 1816 1011 1898 gummi
1050 1822 1083 1877 et
1114 1814 1294 1876 inviscatnr
1320 1821 1354 1876 et
1381 1823 1495 1896 postea

324 1930 497 2014 colligitur,
518 1919 687 1990 descendit
708 1928 814 1982 autem
837 1919 1003 1982 nocturnis
1024 1918 1112 1981 boris
1133 1919 1167 1980 in
1189 1917 1398 1982 orientalibus
1418 1936 1495 2002 par-

324 2033 429 2112 tibus,
451 2029 511 2093 sed
537 2047 634 2112 quum
655 2026 688 2087 in
711 2023 839 2089 modica
869 2024 1048 2106 quantitate
1076 2023 1249 2106 reperitur,
1281 2023 1413 2088 multum
1437 2043 1495 2096 ωε

325 2137 528 2222 phisticatur,
542 2151 655 2217 purum
679 2137 786 2193 autem
810 2138 843 2191 ct
863 2145 928 2192 non
949 2130 1081 2191 mixtum
1104 2128 1310 2191 aromaticum
1329 2139 1380 2192 est
1399 2129 1495 2193 valde

326 2250 360 2304 et
380 2241 567 2322 pretiosum,
589 2232 803 2315 subalbidum,
826 2232 968 2316 nihilque
989 2249 1029 2295 eo
1050 2230 1178 2296 dulcius
1202 2238 1238 2296 el
1254 2233 1339 2295 ultra
1362 2233 1491 2298 medum

323 2343 456 2428 jocundi
476 2343 602 2425 saporis
623 2347 657 2402 et
678 2337 766 2401 illius
791 2338 921 2420 generis
943 2353 1019 2399 esaa
1050 2336 1181 2422 dicitnr,
1204 2338 1246 2400 de
1266 2356 1329 2420 quc
1351 2341 1493 2402 Hebraei

327 2449 479 2512 vixerunt
508 2447 541 2509 in
563 2445 691 2508 deserto
712 2444 774 2506 Xla
805 2443 914 2525 annis,
947 2441 1033 2526 qued
1062 2441 1180 2505 ibidem
1202 2452 1409 2507 concreatum
1444 2451 1497 2508 eea

328 2553 439 2618 divine
458 2551 622 2633 miraculo,
642 2550 677 2611 in
697 2548 814 2612 melius
835 2555 959 2610 mutata
980 2547 1092 2628 specie
1113 2555 1146 2609 et
1167 2565 1294 2630 sapore.
1326 2548 1412 2611 Nam
1435 2551 1498 2615 boc

327 2657 477 2722 nainrale
503 2671 621 2719 manna
641 2652 777 2717 mulium
799 2651 907 2717 delicit
931 2673 951 2714 a
978 2651 1188 2734 miraculoso,
1217 2657 1387 2718 nonenim
1409 2656 1497 2719 oraui

331 2771 429 2826 nocte
465 2761 643 2836 invenitur,
677 2776 738 2822 nec
759 2758 845 2821 omrai
877 2757 952 2818 anni
975 2763 1136 2838 tempere,
1169 2755 1229 2818 sed
1262 2757 1342 2822 illnd
1369 2777 1497 2843 semper

330 2884 427 2932 nrane
458 2867 693 2949 reperiebatur,
726 2864 781 2925 ubi
804 2861 942 2945 populns
963 2860 1026 2922 Dei
1047 2862 1247 2942 morabatur,
1281 2863 1361 2928 illud
1391 2874 1497 2931 autern

268 3051 272 3067 Ι
331 2971 491 3056 reperitur
512 2973 608 3033 etiarn
630 2969 663 3032 in
686 2965 875 3050 quibusdem
899 2965 1045 3048 partibus
1066 2965 1232 3027 Graeciae.

414 3077 467 3136 De
485 3091 603 3137 manna
623 3072 699 3135 liliis
719 3071 822 3134 lsrael
843 3069 919 3133 dato
944 3069 1062 3132 dicitnr
1086 3068 1192 3131 Exodi
1214 3070 1284 3138 td:
1316 3089 1389 3135 curn
1416 3091 1499 3157 epe-

331 3179 452 3241 misser
480 3193 534 3240 res
555 3177 762 3259 superficiem
783 3183 907 3253 terrae,
929 3175 1078 3256 apparuit
1098 3175 1131 3236 in
1154 3173 1327 3238 solitudine
1343 3178 1497 3242 minutum

330 3290 364 3344 et
384 3283 477 3364 quasi
494 3281 670 3363 pilotusum
687 3282 721 3343 in
741 3278 949 3343 similitudine
975 3279 1109 3360 pruinae
1129 3296 1229 3361 super
1250 3289 1376 3344 terram.
1407 3283 1498 3346 'l'ex-

331 3395 384 3449 lns
406 3385 461 3447 ille
480 3385 566 3447 bunc
588 3385 684 3448 babet
705 3384 918 3446 intellectum:
954 3383 1088 3464 primum
1112 3385 1197 3446 enirn
1228 3383 1364 3449 cadebat
1385 3387 1499 3469 pruina

331 3507 430 3573 anper
451 3496 569 3553 tomam
590 3498 623 3554 ei
644 3497 757 3572 postea
778 3505 896 3552 manna
918 3487 1058 3570 desuper
1084 3496 1116 3551 et
1139 3497 1252 3572 postea
1273 3509 1328 3554 ros
1351 3490 1501 3573 aliquan·

331 3601 400 3656 tum
426 3592 615 3678 congelatus
645 3591 802 3676 desuper,
831 3593 894 3675 its,
921 3590 1007 3676 quod
1032 3609 1150 3655 manna
1178 3601 1247 3654 erat
1275 3593 1499 3658 intermedium

330 3699 444 3782 quasi,
476 3696 595 3761 munda
626 3698 821 3762 custoditum
843 3705 878 3759 et
910 3697 1084 3780 repositum
1111 3695 1280 3759 interduo
1309 3706 1500 3782 stramenta,

329 3802 459 3866 scilicet
481 3805 613 3886 prtainae
634 3813 667 3865 et
689 3807 781 3867 roris.
822 3805 896 3864 Hoc
918 3811 1024 3863 autem
1047 3816 1185 3881 manna,
1210 3800 1297 3882 quod
1319 3802 1414 3867 bodie
1445 3805 1500 3866 in-

329 3908 478 3990 venitur,
503 3919 568 3971 nou
590 3910 692 3991 operit
713 3909 916 3991 superficiem
940 3915 1060 3990 terrae,
1083 3904 1142 3968 sed
1170 3905 1332 3987 dependet
1358 3908 1392 3972 in
1413 3907 1500 3972 ioliis

331 4011 501 4076 barbarum
524 4021 557 4076 et
575 4013 608 4075 in
630 4012 832 4077 acuminibus
854 4010 1009 4094 lapidum,
1040 4012 1125 4073 sicut
1154 4027 1224 4091 ros,
1255 4013 1435 4076 nechabet
1458 4030 1502 4075 ex

284 4111 286 4116 ’
331 4133 373 4180 ee
392 4119 519 4200 saporis
541 4116 753 4200 dulcedinem,
768 4115 837 4179 sed
856 4116 1015 4179 contrabit
1036 4133 1171 4178 eum‘ex
1191 4114 1348 4197 qualitate
1363 4116 1501 4200 quadem

330 4219 518 4304 herbarum,
540 4223 736 4304 graminum,
756 4222 809 4284 vel
830 4221 988 4304 lapidum,
1010 4237 1108 4303 super
1129 4238 1213 4305 quae
1234 4220 1330 4284 cadit.
1362 4221 1501 4305 Antiqui

330 4325 495 4412 dicabant,
529 4327 616 4412 quod
648 4345 702 4392 roa
735 4333 789 4392 esi
810 4328 906 4391 ¹illius
946 4327 1042 4390 lunae
1071 4334 1105 4390 ot
1139 4325 1234 4390 aeris.
1287 4325 1358 4391 llos
1390 4335 1501 4390 autern
