3204 5216
753 123 816 274 m

196 391 323 454 amitte·
341 407 471 474 ugnunq
492 391 642 476 Domine,
665 377 895 456 dominatorem
909 425 912 434 ·
927 399 1052 456 terrae·
1063 390 1104 456 de
1123 391 1220 458 Petra
1243 389 1364 456 deserti
1468 419 1470 424 ·

196 493 238 557 ad
261 503 403 560 montem
424 495 510 560 filiae
523 493 626 580 Syon,
648 495 669 560 i.
692 515 726 562 e..
743 496 785 559 ad
797 488 992 576 Jerusaldm.
1036 497 1099 562 Uhi
1112 497 1364 596 petitpropheta

196 601 468 664 continuationem
481 600 693 683 genealogiae
713 600 772 683 per
792 601 932 684 puellam
954 609 1061 664 natam
1074 601 1221 684 depetra
1234 599 1363 674 deserti.
1470 580 1499 680 ·

198 703 274 766 ldco
297 705 334 766 in
360 704 441 768 libro
468 705 687 789 generationis
708 704 831 769 Christi
854 705 943 768 ltuflr
971 706 1143 770 manifeste
1172 688 1362 769 nomin'atur.
1393 737 1397 742 ·
1459 785 1462 792 Ι

197 807 293 872 Unde
301 809 500 894 Jeronymus
521 813 555 872 iu
577 810 715 892 epistola
736 810 778 873 ad
799 811 1088 897 Paulinumdixit:
1110 810 1200 874 Ruth
1212 809 1364 872 Moabitis
1449 871 1475 888 ,,

198 912 319 974 Esaiae
347 913 456 1009 explet
488 913 693 993 vatiqinium:
738 915 849 976 eniitte
880 905 1000 1000 agnum
1031 923 1093 985 etc.
1142 908 1186 978 dr
1205 896 1300 1007 ¹idern
1329 908 1363 976 in

115 1097 119 1102 Ι
197 1015 344 1101 Epistola
363 1015 406 1080 ad
427 1017 574 1080 Paullam
602 1008 831 1085 dicitrldnth·
841 1019 1042 1106 alienigena,
1061 1038 1104 1083 ex
1125 1021 1218 1103 cnjus
1240 1021 1364 1104 semino
1479 1037 1482 1044 ·

198 1118 352 1184 Christus
386 1123 495 1186 oritur.
543 1124 587 1186 Et
620 1125 654 1186 in
667 1122 818 1203 epistola
832 1122 892 1185 aad
920 1125 996 1187 Fur.
1049 1124 1140 1222 Ruth
1170 1123 1293 1188 inducit
1322 1121 1364 1186 de

167 1261 171 1266 ·
198 1226 381 1307 gentilitate
399 1231 576 1293 assumtam
604 1224 793 1311 inChristi¹
806 1227 1071 1310 propitiationem.
1122 1227 1189 1292 Sed
1217 1236 1363 1310 praeter-

198 1331 299 1394 misso
326 1334 463 1414 mystico
503 1331 558 1397 illo
591 1345 701 1396 sensns
728 1351 900 1419 possumus
930 1332 1057 1418 dicere,
1086 1333 1171 1417 quud
1207 1317 1363 1417 propheta

197 1449 336 1498 cernens
379 1439 544 1510 ciuitatem
590 1417 773 1500 Jerusalem
811 1439 846 1498 in
885 1428 1036 1520 angustia
1061 1437 1224 1521 ¹positam
1257 1447 1297 1502 ,et
1320 1437 1362 1509 ,in

169 1541 343 1622 ‚gentium
364 1529 526 1622 dentibus,
548 1543 628 1624 petit
657 1524 762 1604 emitti
794 1531 1021 1606 dominatorem
1050 1541 1091 1605 de
1111 1544 1208 1607 Petra
1232 1541 1363 1623 deserti,
1523 1562 1527 1569 ·

197 1646 286 1725 quia·
302 1653 354 1707 est
385 1654 525 1708 castrum
558 1645 809 1729 inexpugnabile
834 1655 866 1709 ct
893 1647 1012 1709 multae
1037 1643 1155 1730 gentes
1186 1646 1366 1710 castellane·
1488 1717 1491 1722 .

196 1747 273 1829 ejas
292 1756 386 1812 erant
407 1749 581 1832 subjectae.
605 1750 669 1812 ellit
690 1751 740 1813 sic
761 1750 852 1832 petit,
874 1743 960 1836 quod
982 1750 1131 1814 dominns
1155 1752 1274 1815 Petrae
1301 1751 1362 1814 tle-

197 1853 278 1914 serti
304 1855 448 1936 mittatur
474 1855 507 1917 in
526 1831 747 1944 defensionem
769 1848 856 1917 lilino
872 1853 973 1939 Syna,
993 1837 1077 1939 qdae
1098 1865 1149 1920 est
1169 1833 1362 1937 Jerusalem,
1411 1909 1414 1917 .

198 1975 264 2040 quo
291 1953 405 2020 'misso
452 1977 547 2020 tremo
578 1958 759 2021 Jerusalem
801 1959 975 2022 molestare
1006 1967 1234 2041 praesumeret.
1289 1961 1363 2023 Hoc

198 2070 340 2124 castrum
352 2061 540 2142 Baldninus‚
561 2064 600 2125 ll.
619 2045 676 2126 rex
696 2063 879 2126 Jerusalem
900 2062 943 2124 ‹le
954 2063 1093 2144 Latinis,
1114 2063 1195 2124 adeo
1217 2063 1363 2142 munivit,

197 2166 285 2250 quod
306 2173 395 2230 tetus
416 2165 636 2230 mnnduseum
655 2183 773 2249 capere
787 2183 851 2230 nen
863 2168 1033 2248 potuisset,
1055 2184 1128 2228 nam
1143 2167 1244 2230 trihus
1263 2164 1363 2238 muris

199 2289 273 2333 euru
299 2269 514 2334 circundedit:
538 2273 623 2335 intra
641 2272 776 2354 primum
799 2289 923 2334 murum
945 2272 1113 2355 consurgit
1140 2287 1237 2353 rupes
1269 2269 1365 2332 altis·

198 2376 291 2456 sima,
320 2375 469 2456 rotunda,
491 2375 525 2436 in
539 2375 647 2457 ,cujus
673 2375 845 2459 supercilio
866 2375 1014 2440 aedilicia
1049 2377 1147 2460 longo
1183 2375 1365 2458 spectantia

197 2480 350 2561 eminent,
380 2487 414 2540 et·
431 2480 491 2542 auh
514 2498 593 2562 rupa
614 2479 656 2540 de
676 2479 759 2562 pede
781 2482 870 2564 rupis
887 2487 968 2547 ‚tres
990 2482 1098 2544 fontes
1121 2481 1202 2574 viyi,
1224 2479 1303 2543 olari
1331 2487 1365 2543 et

195 2583 268 2645 sani
291 2592 468 2667 erumpunt,
487 2584 606 2667 quihus
626 2585 731 2666 ipsum
759 2595 899 2648 castrum
932 2588 1067 2668 copiose
1094 2579 1298 2668 adaquatur,
1331 2593 1365 2647 et

197 2693 267 2758 tota
289 2696 374 2754 terra
395 2687 579 2770 subjacieus
600 2689 759 2770 irrigatur.
802 2690 893 2751 lutra
924 2687 1101 2752 secundnm
1120 2708 1260 2751 -ιιιιιιιιιιι
1288 2695 1366 2750 suut
1452 2687 1457 2774 J
1550 2687 1554 2694 '

198 2795 315 2855 vineae
334 2788 578 2876 qleciosae,.in
598 2794 715 2876 quibua
744 2793 878 2874 copiose
911 2793 1023 2856 vinum
1045 2793 1243 2862 crescebat.⁴
1277 2793 1366 2866 Inter

200 2897 326 2959 tertium
347 2883 425 2962 suut
444 2901 515 2980 agri
535 2907 568 2960 et
588 2897 684 2968 horti,
708 2896 741 2957 in
761 2897 879 2981 quihus
898 2886 1104 2976 lrulnentum,
1125 2879 1231 2959 oleum
1249 2879 1367 2978 atalia

200 3003 387 3066 necmsaria
404 3004 438 3066 in
467 3019 587 3085 magua
609 3001 804 3064 crescebant
821 3001 924 3083 copin.¹
967 2999 1041 3062 llcc
1058 3001 1201 3084 ⁴insigne
1225 3008 1365 3085 oestrum

198 3123 370 3190 uunquam
395 3107 559 3189 cepissent
580 3105 765 3185 Sarraceni,
787 3108 817 3168 si
839 3123 902 3168 nen
927 3104 1042 3168 inisset
1063 3103 1175 3181 dolose
1195 3105 1244 3173 eis
1265 3102 1367 3166 tradi-

108 3213 110 3216 ’
179 3217 266 3271 'tum
288 3201 516 3293 aqnihnsdam
540 3211 636 3274 salsis
650 3209 855 3273 Christianis.
899 3207 1006 3292 Capto
1025 3193 1133 3272 auteur
1155 3207 1367 3273 ecSclddnus

198 3324 277 3378 tuuc
294 3291 452 3384 ,existens
464 3299 563 3378 illium
586 3332 679 3378 suum
700 3315 947 3398 primogenitum
957 3281 1065 3398 poslrit
1076 3307 1140 3407 'ibi⁸
1156 3312 1378 3378 castellanum·

198 3419 368 3510 etflPetrae
399 3419 519 3483 deserti
532 3419 720 3500 dominnm,
750 3429 794 3481 et·
814 3437 927 3508 omnes
960 3419 1131 3483 thesauros
1160 3436 1239 3481 suos
1268 3414 1303 3479 in
1327 3435 1366 3480 eo
1484 3409 1487 3416 ’

197 3522 377 3590 recondidit
404 3535 568 3608 tamquam
597 3525 630 3586 in
662 3523 734 3593 loco
756 3523 937 3606 tutissimo,
974 3530 1008 3585 et
1036 3519 1132 3586 hodie
1157 3530 1209 3608 est
1237 3525 1367 3586 carnem

199 3627 423 3696 thesaurorum
443 3627 658 3693 Soldanoruut
677 3647 789 3711 regum
810 3624 963 3711 Aegypti.
1006 3671 1009 3678 .

281 3841 354 3903 Hoc
373 3837 482 3904 nohile
502 3820 763 3903 castrumlratiui
789 3839 954 3902 nominant
971 3830 1108 3899 'Petram'
1134 3833 1263 3917 deserti,
1286 3832 1368 3898 Sar-

197 3927 307 4007 raceni
325 3944 452 4027 Krach,
485 3953 518 4006 et
545 3941 667 4026 ¹(lrneci
695 3943 849 4028 Sohabpt.
894 3943 975 4006 Cum
997 3942 1076 4025 ergo
1108 3941 1224 4014 satiati
1241 3939 1369 4018 visione

196 4048 259 4111 loci
278 4028 438 4133 memus,
457 4059 572 4139 contra
587 4051 695 4115 lecum
708 4047 967 4132 genulleximus,
986 4045 1159 4115 laudantes
1176 4031 1292 4124 lleu'm,
1313 4042 1369 4126 qni

197 4149 242 4214 de
260 4154 357 4216 Petra
377 4154 451 4236 (Β)
478 4153 599 4218 deserti
624 4155 657 4217 in
672 4152 768 4228 ,Ruth
791 4152 877 4216 misit
906 4152 1001 4216 nohis
1024 4142 1198 4231 Christum,
1221 4147 1369 4212 domina·
1434 4221 1437 4228 .

37 4257 40 4366 [
90 4334 92 4340 ,
199 4263 301 4322 turem
323 4267 437 4345 terrae,
459 4260 627 4344 Deumque
648 4256 812 4340 deprecati
833 4273 966 4338 sumus,
1000 4263 1033 4317 ut
1062 4255 1126 4324 hoc
1154 4260 1296 4316 castrum
1325 4247 1367 4312 ad
1404 4349 1408 4358 Ι
