3132 5206
834 291 874 356 ib

26 433 28 458 ³
162 467 169 482 ⁴
265 461 399 526 sissimo
438 471 553 522 cruere
585 453 758 540 perinsus,
792 455 901 537 loous,
932 456 987 524 obi
1013 457 1090 541 poni
1131 456 1262 524 meruit
1302 452 1454 522 lumbrici

264 562 428 648 sepulchri
448 559 716 642 fundumentum,
737 569 770 624 et
798 559 900 643 loeus,
924 580 1019 645 quom
1048 579 1240 645 resurgens
1259 558 1455 624 Christuse

212 716 217 726 .
263 666 397 732 mortuis
417 683 498 728 snoe
517 664 762 728 resurreetionis
775 665 1327 750 glurinmnltiplioitorillnstrouit,
1350 665 1454 728 olien-

263 789 352 837 rrnnr
373 770 572 836 subvertitur
591 770 726 852 imperio
744 772 921 856 notionum.
965 768 1047 849 Quis
1065 772 1182 853 igitur,
1204 772 1278 834 uisi
1311 769 1453 837 terreum

261 883 376 960 pectus
398 875 534 956 hebens,
557 873 611 939 vel
630 873 811 938 ndumentis
832 875 993 940 durissimi
1013 894 1071 942 cor
1092 892 1235 958 gerens,
1260 883 1374 938 terroe
1406 873 1452 946 ilii

262 997 327 1044 uon
348 979 472 1061 operiet
501 979 632 1044 viseere
652 976 810 1062 pietatist
833 977 915 1059 Quis
936 999 1000 1047 non
1021 987 1229 1062 provocetur
1251 999 1298 1044 ex
1318 977 1451 1058 intimis,

262 1085 336 1169 quis
357 1102 423 1147 non
444 1081 643 1147 accendetur
663 1083 705 1146 orl
727 1086 818 1167 irem,
843 1094 877 1147 et
897 1085 1055 1149 animetur
1075 1084 1241 1151 audacter
1276 1083 1322 1148 etl
1340 1091 1452 1155 sotum

261 1187 392 1254 debitus
422 1183 583 1253 ultiouis?
614 1187 722 1270 Absit,
754 1196 791 1251 ut
818 1188 911 1251 ruilus
940 1190 1047 1252 suncti
1076 1189 1253 1272 sepulchri
1287 1189 1451 1272 relinquet

236 1311 353 1377 ,nme
374 1292 523 1374 rubigini.
564 1292 672 1376 Absit,
698 1290 771 1373 (B)
793 1297 828 1355 ut
852 1292 993 1358 enimrrm
1023 1307 1121 1377 neget
1151 1296 1344 1376 victoriae,
1375 1311 1450 1385 enm
1496 1367 1500 1370 ,

260 1415 325 1462 nou
347 1395 430 1459 desit
452 1396 628 1462 victoribus
652 1414 771 1461 corono
790 1397 922 1480 gloriae.
966 1398 1091 1462 Milites
1111 1400 1200 1463 enim
1225 1397 1372 1482 Christi,
1393 1398 1449 1479 qui

163 1504 166 1513 '
258 1510 371 1565 contro
397 1498 546 1564 infideles
580 1518 669 1564 ormo
701 1511 852 1586 sumunt,
885 1520 981 1587 quum
1016 1521 1147 1585 secure,
1185 1521 1293 1587 quom
1329 1507 1448 1566 suncte

257 1606 380 1690 proelio
399 1605 530 1672 Domini
551 1607 603 1669 sui
627 1616 660 1670 ot
680 1623 822 1690 sponsos
843 1607 915 1689 ejus
937 1608 1097 1672 ecelesiae
1118 1610 1345 1691 proeliantur,
1370 1607 1446 1691 qui-

113 1725 118 1732 ·
255 1711 318 1776 bus
340 1709 546 1777 metuendum
567 1727 768 1795 uequsqusm
792 1715 838 1776 sit
865 1721 921 1777 eut
942 1712 986 1778 (le
1006 1713 1145 1777 hostium
1176 1713 1291 1780 coede
1320 1728 1446 1796 pecore

256 1823 325 1879 tnot
356 1823 412 1882 ont
442 1813 484 1880 do
504 1833 566 1879 sno
587 1833 669 1880 nece
698 1816 896 1902 periculum,
928 1818 1057 1902 quondo
1087 1816 1224 1901 quidem
1255 1835 1352 1882 mors
1385 1833 1444 1898 pro

256 1918 388 2000 Christo
431 1919 567 1985 terendo
596 1922 639 1987 sit
670 1921 727 1984 vol
755 1921 933 1990 inferendo.
991 1921 1089 1986 Miles
1119 1922 1259 2007 inquom
1294 1924 1375 1987 telis
1411 1931 1444 1992 et

257 2042 394 2096 securus
414 2025 586 2109 interimit,
622 2034 677 2096 eut
697 2026 806 2090 interit
825 2027 985 2109 securior,
1018 2026 1094 2108 quio
1122 2035 1155 2089 et
1182 2029 1252 2094 sibi
1288 2035 1441 2113 praestet

253 2129 443 2214 obsequium
465 2147 539 2199 cunr
565 2133 693 2216 interit,
719 2138 755 2194 et
776 2130 909 2195 Christo
930 2149 1002 2196 oum
1025 2130 1194 2212 interimit,
1220 2153 1340 2218 neque
1362 2132 1439 2201 dnm

252 2234 373 2302 eccidit
394 2234 636 2301 malefactorem
667 2236 844 2319 homicide,
870 2235 930 2300 sed
959 2244 994 2299 nt
1020 2235 1066 2304 its
1094 2233 1234 2332 dixerim
1265 2236 1438 2315 malicida,

167 2328 172 2339 '
256 2347 292 2406 ot
311 2339 408 2422 plens
429 2338 550 2407 vindex
566 2346 600 2402 et
611 2338 763 2412 defensor
783 2346 950 2422 reputetur
960 2338 1226 2414 Christianorum,
1273 2345 1315 2405 ln
1331 2350 1438 2415 morto

185 2429 194 2450 '
253 2443 480 2525 enlmpogeni
501 2441 707 2506 Christianus
728 2444 841 2506 morito
862 2445 1028 2528 glorietur,
1047 2447 1125 2530 quin
1146 2443 1306 2512 Christus
1327 2447 1436 2531 glori·

121 2577 134 2603 0
252 2545 377 2612 flontur.
421 2546 695 2630 Expergiscimini
715 2564 805 2630 ergo,
826 2547 944 2612 milites
963 2551 1197 2632 strenuissimi,
1231 2562 1267 2615 et
1296 2551 1343 2614 nol
1380 2549 1435 2614 ul-.

252 2649 438 2717 &cendum
464 2650 526 2714 liei
546 2651 648 2722 uestri
668 2651 815 2734 injurium
838 2664 871 2717 et
891 2655 1003 2739 populi
1024 2654 1193 2720 christiani
1216 2657 1432 2740 opprobrium

252 2757 437 2839 consurgite
457 2756 498 2821 ed
515 2759 618 2822 iustor
638 2757 800 2842 quondam
823 2759 1119 2831 robustissimorum
1133 2760 1431 2840 blachoboeoruru,

125 2910 129 2916 .
252 2867 288 2922 et
324 2861 443 2930 occisis
478 2873 533 2931 rut
560 2863 741 2948 profligetis
773 2864 906 2947 perfidis
937 2868 971 2936 in
1002 2866 1196 2936 oumnmee
1223 2865 1432 2948 reipublicae

253 2963 487 3036 herodionem
497 2968 630 3033 Domini
650 2967 806 3032 reducere
826 2968 966 3034 studote.
997 2968 1186 3054 thuidem
1205 2970 1311 3034 illotis
1331 2969 1433 3055 quis-r

254 3086 319 3150 que
339 3073 410 3133 suls
431 3072 567 3137 subditis
588 3073 724 3156 injurias
745 3072 921 3152 ulciscitur,
943 3079 978 3135 ot
997 3070 1059 3134 Dei
1078 3075 1131 3136 sui
1156 3090 1221 3134 non
1242 3072 1432 3136 vindicabit

251 3171 388 3252 injurius
410 3181 476 3236 tum
498 3171 658 3240 atroces?
678 3172 732 3238 nd
754 3174 983 3260 hoereditatem
1003 3173 1138 3255 quilibet
1157 3191 1288 3238 suornm
1303 3193 1430 3240 monus

251 3273 439 3344 invasorum
461 3277 592 3341 extendi
603 3296 667 3342 nou
680 3276 829 3358 sustinet,
852 3284 885 3338 et
903 3275 1062 3358 patienter
1080 3277 1292 3342 hoereditntis
1313 3277 1429 3345 domi-2

251 3378 347 3448 nicee
387 3389 478 3450 toute
508 3390 651 3464 temporo
680 3379 867 3444 detentores
889 3380 1096 3448 sustinebit?
1127 3383 1182 3456 Ne
1214 3383 1327 3466 igitur,
1366 3384 1426 3466 qui

250 3499 380 3554 erucem
406 3483 551 3569 morunt,
573 3487 606 3549 iu
621 3484 786 3553 cmeiflxo
806 3483 1020 3572 dissimulent,
1042 3487 1127 3573 quod
1135 3487 1226 3571 juste
1246 3506 1313 3555 nou
1334 3487 1425 3560 tolo-r

104 3643 110 3657 .
252 3596 362 3652 rorent
389 3589 424 3652 iu
453 3590 591 3656 homine.
639 3591 767 3676 Ptnrgst
799 3609 877 3678 ergo
911 3600 1038 3661 montes
1067 3603 1101 3658 ot
1127 3593 1253 3660 enimus
1285 3603 1420 3660 vestros

252 3693 446 3758 contumelio
465 3693 684 3780 ffldomtorts,
705 3707 740 3764 et
759 3698 853 3767 selus
874 3700 949 3766 fldei
971 3701 1042 3782 ejus
1066 3699 1165 3766 corde
1184 3698 1361 3779 mouet,
1385 3705 1419 3762 et

178 3823 187 3843 ·
250 3813 454 3883 nequequam
486 3800 621 3871 termido
650 3805 794 3868 retrahet
820 3804 861 3867 sb
893 3805 956 3869 hoc
975 3805 1117 3889 glorioso
1136 3822 1257 3890 pugno,
1292 3805 1327 3869 in
1351 3819 1418 3887 qut.

190 3898 195 3909 '
250 3915 381 3984 sempor
402 3912 454 3968 ost
474 3905 610 3972 victorin
630 3916 663 3975 et
683 3915 859 3992 perpetuos
878 3907 1002 3992 gloriae
1022 3927 1151 3982 corona.

227 4087 234 4097 Ι
331 4005 493 4073 Orationis
500 4009 921 4077 fluis0rotionolnotinite
933 4015 1189 4097 roqrntiubsntnr
1205 4013 1284 4078 milri
1295 4013 1414 4078 milites

248 4111 429 4198 plurimum,
446 4123 479 4178 et
500 4133 538 4180 se
551 4115 594 4181 orl
606 4125 712 4180 terroe
722 4126 857 4182 sunctum
869 4117 1095 4194 redemtionem
1102 4117 1325 4201 paratissimos
1336 4133 1415 4181 esse
1523 4181 1526 4187 ,

246 4215 406 4302 dioelunt,
432 4218 607 4284 dummodo
626 4237 733 4304 roges,
754 4223 917 4305 prmeipes
934 4231 968 4288 ot
992 4221 1094 4287 duces
1111 4223 1280 4292 ennsnmt
1300 4219 1412 4306 populi

92 4306 110 4337 ‘
164 4375 169 4383 .
246 4323 359 4392 oedem
380 4323 454 4389 zelo
475 4325 608 4401 rocensi
627 4326 873 4413 praecederent,
893 4328 967 4398 siue
980 4345 1114 4413 quorum
1135 4338 1223 4398 mutu
1253 4351 1350 4398 nemo
1368 4331 1411 4398 ou
