3232 5218
730 317 792 382 att

258 497 339 565 Post
359 499 423 564 boo
444 497 673 584 disposuerunt
702 518 741 564 se
774 499 816 563 ad
846 499 1088 585 prosedendunr
1111 489 1226 568 eontra
1243 503 1346 570 Jeru-

175 606 296 674 salem·
318 608 351 670 in
372 607 484 689 primis
506 609 585 689 er'go
601 605 752 674 'oaleridia
772 598 976 689 Septa-dria
996 609 1145 689 ‘ag'gre'ssi
1176 618 1253 672 snut
1273 611 1345 694 iter,
1441 619 1444 624 '

177 719 212 776 et
231 711 561 776 transcenderimus
582 712 769 794 regionibus
795 711 970 796 multisque
1000 713 1186 777 ciuitatibus
1219 733 1346 799 expug-

177 819 263 880 natis
291 835 350 900 per
370 833 461 880 oram
483 819 592 880 maris
601 817 634 878 in
650 816 779 918 Syriam
801 824 974 881 venerunt
983 823 1019 880 et
1035 816 1076 881 ad
1097 819 1239 902 'l'ripolin
1260 821 1346 884 olvi-

177 931 277 986 tatetn
298 923 447 1005 magnam
470 930 504 984 et
515 909 770 985 munitissimam
792 939 891 1016 super
911 941 1000 985 mare
1018 924 1113 988 sitam
1124 935 1346 1008 measserunt,

178 1035 214 1090 nt
248 1045 318 1090 eam
353 1035 586 1110 expugnarent.
630 1026 822 1108 Tripolitani
857 1036 965 1091 autem
1000 1031 1120 1093 nostris
1151 1031 1320 1094 obviam
1311 1047 1346 1094 ιιι

177 1131 296 1195 ballum
316 1132 472 1216 exierunt,
497 1130 557 1196 sed
577 1132 687 1195 statim
710 1130 866 1195 divinitus
887 1133 988 1196 territi
1010 1143 1104 1217 terga
1122 1135 1320 1198 vertentes
1310 1153 1346 1200 nt

178 1235 342 1300 divitatem
365 1235 537 1300 redierunt.
582 1236 664 1300 Cum
687 1247 795 1300 antem
818 1238 1016 1323 aliquandiu
1033 1238 1214 1332 ,divitatem
1246 1239 1345 1304 obae-

178 1341 442 1425 dissoni,-ooepit
464 1341 603 1424 populns
621 1350 732 1406 noster
745 1361 944 1407 murmurare
964 1362 1042 1426 prae
1057 1343 1168 1406 labore
1188 1353 1221 1406 et
1242 1343 1346 1430 anbe-
1452 1423 1455 1430 Ι

179 1444 299 1509 latione
325 1444 368 1508 ad
394 1445 588 1510 Jerusalem.
633 1446 712 1511 Erat
746 1451 842 1511 etiam
872 1446 1056 1511 differentia
1075 1448 1131 1510 illa
1159 1449 1247 1510 inter
1275 1464 1344 1530 eos,

178 1549 265 1634 quod
286 1550 414 1614 nobiles
435 1559 469 1613 et
489 1552 652 1636 principes
674 1561 705 1615 et
728 1561 878 1636 potentes
895 1568 1020 1626 omnem
1043 1553 1147 1616 looum
1171 1552 1347 1642 subiugare
1466 1631 1470 1640 ¹

178 1655 388 1718 intendebant
406 1673 514 1740 usqne
534 1654 774 1752 ‚lerosolymam
785 1703 795 1740 ,
817 1657 935 1741 plebeji
961 1667 1068 1722 autem
1088 1666 1124 1721 et
1143 1657 1264 1741 vulgus
1283 1657 1347 1719 Je-

179 1755 375 1841 r'osolymam
394 1760 495 1842 primo
513 1741 754 1843 subjugandam
782 1779 859 1826 esse
879 1763 1093 1845 opinabantur
1113 1769 1146 1826 et
1165 1781 1207 1826 ex
1228 1763 1268 1825 ea
1287 1779 1347 1850 per

181 1864 351 1928 circuitum
373 1872 488 1927 terram
510 1865 768 1948 oppugnandam.
811 1866 978 1951 Principes
999 1887 1077 1950 ergo
1109 1866 1228 1952 populo
1246 1867 1348 1930 satis·

182 1969 293 2031 iaoere
317 1965 465 2030 volentes
491 1969 663 2032 solverunt
693 1991 714 2034 a
734 1972 854 2055 'l'ripoli
882 1972 1081 2036 obsidionem
1112 1981 1146 2036 et
1165 1985 1234 2055 per
1258 1987 1347 2036 oram

181 2073 281 2137 maris
302 2061 538 2137 descendentes
558 2077 656 2138 tertia
677 2076 731 2139 die
750 2076 792 2139 ad
814 2078 967 2159 liorytnm
998 2077 1163 2139 civitatem
1197 2093 1347 2157 magnam

181 2180 370 2242 maridmam
392 2188 560 2242 venerunt.
605 2181 745 2264 berytos
768 2181 842 2243 olim
863 2180 1012 2244 Romana
1030 2187 1104 2242 'erat
1133 2179 1277 2260 oolonia,
1309 2186 1348 2242 ut

178 2277 386 2366 Jeronymus
403 2282 446 2346 de
477 2285 547 2347 vita
573 2294 605 2350 at
627 2287 716 2348 obitu
736 2285 871 2350 Paullae
892 2285 980 2352 dioit.
1023 2285 1121 2348 Nnno
1155 2291 1264 2346 autem
1288 2289 1346 2346 ast

179 2387 324 2472 Soldani,
346 2387 380 2450 in
403 2406 443 2452 eo
457 2398 507 2453 est
523 2399 636 2472 portus
657 2393 904 2474 negotiatorum,
925 2389 1177 2455 Sarraoenorunr
1198 2397 1231 2450 et
1245 2385 1347 2450 Cbrl·

179 2496 364 2558 stianorum.
380 2553 389 2560 ,
408 2493 487 2556 lnde
522 2493 563 2556 ad
586 2493 739 2558 Sidonem
769 2497 934 2558 civitatem
967 2487 1139 2560 venientes
1169 2501 1202 2556 et
1223 2492 1345 2575 'lyram

180 2607 385 2662 transeuntes
406 2598 440 2660 in
461 2617 518 2663 ora
537 2603 636 2663 maris
657 2617 715 2662 eas
736 2601 887 2663 civitates
915 2619 1051 2684 magnas
1080 2610 1114 2664 et
1142 2599 1283 2662 munitas
1304 2595 1346 2658 ad

180 2701 422 2787 repugnandum
454 2713 585 2787 paratas
621 2706 824 2774 invenerunt.
864 2703 1113 2790 Consequentur
1140 2713 1247 2767 autem
1266 2719 1346 2783 pro·

179 2807 335 2872 uadentes
356 2807 389 2870 in
410 2807 577 2890 planitiem
597 2807 805 2872 Ptolemaidis
827 2811 970 2872 civitatis
999 2827 1136 2892 magnae
1163 2813 1200 2870 et
1231 2806 1346 2868 iuriis-

179 2914 283 2976 aimae
304 2913 484 2976 maritimae
504 2920 741 2997 prooesaernnt.
780 2913 878 2976 Siluit
906 2922 1013 2976 autem
1034 2914 1138 2976 omnis
1158 2911 1345 2974 Palaestina

180 3018 338 3080 maritima
347 3018 381 3080 in
391 3025 567 3100 eonspeotu
578 3019 741 3080 exereitus
752 3016 854 3079 nostri
865 3023 899 3080 et
911 3017 944 3079 in
957 3017 1070 3080 timore
1079 3015 1195 3098 grandi
1204 3014 1343 3077 stabant.

180 3120 313 3185 Utariaa
332 3129 491 3184 venerunt
508 3121 603 3203 juxta
623 3127 764 3184 montem
779 3117 936 3203 Carmeli,
957 3119 1146 3184 deserentes
1164 3117 1344 3183 Galilaea·

180 3224 223 3289 ad
243 3223 380 3309 laevam,
400 3234 434 3288 et
453 3233 717 3308 pertranseuntes
738 3224 932 3290 Caesaream
951 3225 1159 3288 Palaestinae
1178 3223 1221 3287 ad
1256 3240 1345 3288 mare

178 3331 275 3395 sitam
294 3349 359 3394 non
380 3329 478 3414 longa
497 3347 518 3391 a
539 3328 702 3394 Caesarea
721 3331 754 3394 in
776 3349 890 3414 eampo
911 3339 1021 3394 eastra
1042 3330 1155 3393 metati
1175 3337 1266 3411 eunt,
1299 3327 1344 3392 ibi

180 3435 255 3499 dum
276 3444 398 3518 ment,
419 3434 599 3500 oolumbam
618 3435 761 3518 desuper
792 3437 970 3499 exereitum
1003 3435 1166 3498 volantem
1190 3433 1344 3517 aeoipiter

179 3557 264 3604 unus
294 3542 438 3621 graviter
468 3557 657 3622 parenstam
688 3539 823 3621 dejecit,
857 3541 945 3603 oiroa
973 3556 1068 3622 quam
1092 3548 1238 3621 repertae
1266 3545 1345 3600 sont

178 3643 325 3727 litterae,
348 3661 430 3727 quas
455 3643 639 3726 deierebat,
669 3644 743 3708 talis
764 3646 966 3707 sententiae:
998 3643 1073 3707 lber
1092 3643 1245 3706 Aobaron
1268 3641 1344 3704 dnoi

179 3746 364 3812 Caesareae
382 3750 537 3812 salutem:
559 3749 725 3832 generatio
743 3750 870 3831 oanina,
902 3765 987 3831 gens
1016 3748 1222 3811 contentiosa
1240 3747 1342 3830 venit,

180 3860 294 3917 eontra
315 3871 410 3937 qnam
433 3872 492 3937 per
512 3837 549 3917 te'
565 3863 599 3916 et
621 3852 702 3917 alios
723 3854 829 3936 legem
848 3862 936 3916 tuam
949 3851 1099 3935 deiende,
1120 3852 1203 3916 idem
1216 3869 1345 3915 mnan-

180 3959 224 4022 tia
246 3959 318 4022 aliis
339 3959 533 4023 olvitatibns.
577 3959 671 4022 llaeo
692 3957 832 4039 epistola
851 3956 892 4020 ad
912 3975 1027 4021 mantue
1047 3967 1229 4021 nostrorum
1252 3959 1345 4040 prin·

180 4053 286 4146 oipnm
330 4064 515 4127 devenerat.
585 4061 671 4125 Sunt
716 4063 813 4126 etiam
852 4061 1020 4127 oolumbae
1060 4065 1094 4126 ln
1131 4061 1343 4126 orientalibus

181 4168 364 4250 regionibus
386 4185 497 4252 regum
519 4168 659 4249 notitiae,
680 4177 715 4230 ut
736 4175 826 4250 patet
847 4168 935 4230 l’art.
955 4169 998 4237 ll.
1021 4167 1079 4234 iol.
1100 4167 1152 4233 fib

262 4271 390 4336 llebtde
415 4281 584 4336 moverunt
604 4281 723 4354 eastra,
742 4280 777 4334 et
798 4273 896 4336 tertia
916 4263 1052 4336 dienen
1076 4272 1175 4355 longe
1193 4291 1215 4334 a
1233 4271 1343 4352 Joppe

181 4384 357 4458 reumont,
386 4377 481 4462 juxta
517 4395 613 4463 quam
638 4377 679 4455 in
709 4393 823 4459 eampo
857 4374 1084 4476 oonsederunt.
1136 4375 1343 4458 compartum
