3240 5222
665 285 819 381 ‚aar

199 481 233 535 et
259 467 513 553 'l'emplariorum
548 467 655 531 virtus
687 469 815 540 enituit.
857 473 895 534 lu
935 488 975 534 eo
1017 473 1116 536 etiam
1151 471 1373 542 nnmuutmo

197 574 322 659 proelio
343 591 458 646 oannes
479 572 605 636 nobiles
626 581 659 636 et
686 573 750 636 viri
770 573 872 636 fortes
889 575 1088 660 oeciderunt,
1109 576 1227 642 demtis
1246 583 1371 665 pauois,

197 680 254 763 qni
275 680 361 762 eapti
382 686 460 742 suut
484 696 558 741 oum
577 685 707 758 regnet
727 678 884 760 magistro
905 678 1024 762 templi.
1070 679 1158 746 llinit
1178 683 1373 752 Vinneutins

197 782 340 867 iuSpee.
352 784 475 847 Hister.
487 783 526 846 la.
537 781 582 847 30
593 780 631 846 C.
642 782 705 864 la,
726 781 865 870 quodalr
882 802 923 847 eo
935 782 990 846 die
1011 787 1217 867 captivitatis
1236 798 1373 856 motae

198 889 307 952 erneis
337 887 492 970 infantes,
514 888 571 971 qni
591 893 708 969 postea
729 890 797 950 nati
819 896 907 969 suut,
925 905 991 951 non
1006 889 1239 956 uninovetat
1254 892 1372 960 dantes

198 993 348 1075 habunt,
382 1009 456 1056 eum
485 1000 581 1056 antea
604 991 649 1056 80
680 965 735 1054 ost
765 991 810 1058 33
842 991 963 1056 habere
993 993 1151 1059 solebant.
1195 995 1371 1066 saladinus

201 1105 309 1160 antem
330 1104 405 1180 post
429 1097 597 1160 viatorium
619 1095 778 1159 fortunam
796 1113 890 1160 auam
920 1104 1056 1160 secutus
1085 1099 1243 1164 viderem
1273 1122 1372 1168 exer·

200 1203 298 1266 eitum
331 1202 372 1265 ad
405 1199 642 1284 expugnandas
673 1198 929 1264 Christianorum
962 1202 1062 1266 urbes
1100 1211 1199 1288 atquo
1233 1209 1372 1272 oestella

199 1304 337 1370 adduxit
356 1315 390 1368 et
423 1305 582 1369 maritima
614 1303 685 1367 looa
705 1307 878 1387 oeoupavit
908 1314 941 1368 et
969 1307 1071 1388 primo
1099 1311 1239 1374 omnium
1260 1313 1371 1378 Ptole-

198 1411 359 1493 rnaidem3
383 1409 501 1474 deindo
524 1409 678 1492 Berytnm
704 1418 736 1472 et
758 1413 865 1473 omnia
896 1410 960 1472 alia
990 1410 1064 1474 looa
1083 1414 1299 1478 munitissima
1328 1415 1370 1480 ad

198 1514 393 1579 deditionem
416 1514 586 1596 compulit,
616 1531 679 1576 neo
710 1513 850 1596 aliquam
887 1517 1056 1600 gravavit,
1080 1536 1174 1602 -qnae
1204 1521 1267 1584 sul)
1298 1520 1370 1602 ejus

168 1704 173 1712 .
198 1619 319 1683 ditione
342 1630 375 1682 et
397 1620 513 1684 tributo
536 1635 666 1680 manere
688 1617 866 1702 voluisset,
890 1637 951 1682 neo
971 1620 1031 1684 luit
1060 1622 1099 1685 ab
1124 1623 1249 1690 Aenon·
1264 1643 1370 1709 usque

198 1723 240 1788 ed
261 1723 457 1788 Asoalonem
481 1724 589 1806 aliqua
603 1723 739 1805 eivitas,
762 1741 846 1803 qnae
869 1739 949 1787 ausa
971 1724 1090 1790 luisset
1120 1729 1282 1812 resistere,
1312 1739 1370 1794 ut·

198 1835 275 1910 pote
297 1827 339 1891 de
358 1829 429 1892 suis
450 1828 677 1892 defemoribus
703 1825 888 1890 destitutae.
930 1829 1142 1894 Ascalonitao
1170 1843 1297 1915 antem,
1328 1853 1368 1900 eo

197 1932 284 2014 quod
319 1933 601 2016 inexpugnabilem
642 1930 818 1994 credebant
851 1950 960 1994 eornm
997 1935 1184 2019 civitatem,
1214 1939 1368 2021 impetum

196 2034 343 2100 Salonini
365 2037 533 2120 paulisper
565 2034 770 2101 retardantes
810 2036 921 2098 urbem
954 2037 1000 2100 illi
1033 2039 1161 2104 tradere
1187 2042 1368 2126 noluerunt,

196 2149 411 2226 asserentes,
468 2141 557 2206 nulla
598 2141 724 2205 ratione
776 2157 815 2201 se
851 2141 1014 2205 civitatem
1065 2145 1231 2226 resignare
1280 2146 1368 2211 valle

197 2244 301 2310 donee
336 2248 457 2311 seirent
494 2264 552 2328 pro
593 2252 706 2326 oerto,
750 2243 780 2306 si
819 2243 1086 2328 Jerosolymitaui
1128 2251 1220 2312 nives
1255 2267 1366 2316 eorum

195 2353 307 2414 urbem
336 2353 385 2416 sie
409 2351 624 2433 resignarent.
668 2346 743 2426 Quo
765 2347 883 2412 audito
905 2349 1079 2415 Saladinns
1109 2355 1243 2417 civitate
1277 2355 1367 2420 obsi-

197 2453 293 2530 dione
328 2456 451 2520 vallata
482 2456 596 2520 diebus
617 2455 650 2518 X
682 2453 845 2516 eontinuis
865 2458 1132 2546 aggressionibus
1152 2459 1366 2542 impugnavit,

194 2557 254 2622 sed
276 2559 354 2622 nihil
377 2559 632 2643 elfleerepetuit,
652 2566 721 2620 erat
742 2558 827 2620 enirn
843 2558 989 2625 Ascalon
1007 2565 1125 2626 eivitaa
1137 2564 1363 2646 munitissima,

194 2680 289 2745 qnam
311 2661 503 2728 Gothfridus
518 2666 640 2748 primus
662 2681 722 2725 rex
739 2662 922 2726 Jerusalem
945 2669 1041 2750 oepit,
1063 2670 1148 2731 aiunt
1170 2668 1290 2732 dietum
1312 2677 1365 2732 est

157 2831 164 2854 ,
195 2767 332 2834 sulm.
377 2767 644 2850 Cujusmemoria
663 2768 799 2832 habetur
821 2768 855 2832 in
875 2771 1110 2856 antiquissimis
1122 2761 1239 2836 saurae
1255 2774 1364 2856 serip-

193 2881 288 2936 turae
308 2872 408 2957 libris,
430 2883 465 2954 ut
487 2882 587 2956 patet.

196 3104 385 3197 Quomodo
409 3113 518 3208 capta
542 3113 602 3182 est
628 3105 837 3182 Jerusalem
865 3105 996 3181 oivittm
1020 3105 1065 3182 ab
1093 3104 1299 3184 infidelibus
1323 3115 1363 3184 et

625 3225 755 3325 quibus
779 3224 929 3302 meritis.

277 3408 452 3474 Saladiuus
484 3417 591 3473 autem
622 3408 757 3487 videus,
788 3408 874 3494 quod
902 3407 1032 3472 domare
1060 3409 1255 3474 Asoalonem
1295 3429 1361 3475 non

192 3523 307 3599 posset
343 3515 407 3578 nisi
446 3523 543 3596 eapte
578 3512 786 3598 ierosolyma
821 3515 957 3578 civitate
991 3522 1122 3597 nnete,
1159 3514 1360 3579 obsidionem

191 3619 368 3682 Ascalonia
388 3619 485 3683 solvit
507 3629 540 3682 et
561 3637 634 3683 eum
657 3619 742 3682 omni
764 3628 923 3701 apparatu
953 3619 1069 3682 bellino
1096 3620 1129 3681 in
1159 3618 1361 3684 multitudine

193 3723 288 3806 gravi
310 3732 462 3787 montana
480 3723 627 3788 aseendit
647 3721 813 3803 Judaeum,
848 3731 884 3785 ut
910 3722 1094 3786 Jerusalem
1126 3725 1159 3785 iu
1190 3723 1239 3786 eis
1264 3725 1359 3785 sitam

192 3829 338 3892 exercitu
364 3827 503 3891 vallaret
536 3836 569 3891 et
600 3836 741 3909 eaperet.
793 3826 1047 3908 Jeroeolymltaa
1077 3835 1182 3890 autern
1213 3829 1306 3890 oivos
1327 3835 1361 3890 et

190 3934 246 4017 qui
266 3932 308 3996 de
328 3933 447 3997 vieinis
469 3932 551 3995 loeis
570 3930 712 4015 undique
733 3931 874 3994 hostium
900 3941 986 3994 metu
1020 3931 1097 3995 illue
1127 3933 1360 4011 conduxerant,

191 4037 301 4102 andita
329 4047 440 4121 strage
460 4055 591 4101 suornm
613 4047 645 4099 et
664 4034 818 4102 vivillare
847 4037 956 4099 arnoia
983 4038 1158 4101 amissione
1203 4046 1235 4099 et
1270 4036 1361 4118 regis

191 4143 340 4224 eaptiona
377 4150 411 4204 et
438 4141 584 4205 Saladiui
617 4141 925 4224 appropinquatione
960 4144 1047 4206 ornnl
1087 4161 1125 4206 ee
1155 4139 1360 4224 snpplipaudi

192 4263 314 4328 genere
345 4246 564 4311 humiliabant.
603 4245 794 4327 Agebantur
825 4246 867 4308 alr
899 4248 1047 4310 omnibus
1069 4245 1264 4310 Christianis
1295 4245 1361 4308 ibi·

194 4346 266 4414 deru
289 4349 360 4430 (B)
390 4351 607 4417 habitantibus
638 4349 817 4414 solenniter
846 4349 978 4413 litaniae
1009 4360 1042 4414 et
1070 4350 1294 4414 confessiones
1315 4353 1356 4408 ‚at
