3132 5206
726 307 769 372 51

28 503 32 579 3
153 487 334 552 deseendet
364 495 399 551 et
428 505 518 550 arma
544 490 612 550 ista
632 495 813 552 reassumet
833 483 912 568 (Β)
943 443 1070 548 et'enm
1102 485 1143 548 tis
1160 483 1330 549 Antlolni-
1393 491 1397 504 '

152 601 242 655 stum
261 592 459 674 expugnabit
481 599 515 653 et
536 591 711 655 daemones
734 591 901 675 effugabit.
945 590 1026 652 Post
1037 591 1120 654 haee
1133 589 1329 672 interrogavi

151 714 229 759 enm
252 696 294 758 de
315 696 497 779 quantitate
513 705 548 758 et
570 697 727 780 qualitate
746 697 880 758 istorum
903 713 1072 758 umorum.
1112 690 1177 769 Qui
1193 692 1233 755 ad
1257 694 1329 758 sin-

150 800 233 882 gola
254 799 421 883 eleganter
437 800 620 883 respondit,
656 809 689 863 et
712 799 811 862 multa
833 800 909 862 mihi
931 799 1033 881 dixit,
1066 816 1150 881 qnae
1179 799 1326 861 monaehi
1408 886 1418 898 η
1502 794 1509 811 “

151 905 196 967 ibi
225 905 354 987 publiea
383 903 576 987 praedieant
606 907 690 967 satis
709 923 848 966 errorem
870 903 1079 986 implicantia.
1115 901 1188 983 l'tlgo
1221 910 1328 966 antem

150 1009 265 1070 multis
287 1009 397 1073 verbis
428 1011 535 1088 virum
556 1009 742 1090 informavi,
772 1005 858 1090 qnod
875 1006 915 1069 S.
938 1005 1081 1069 Michael
1101 1006 1134 1068 in
1155 1023 1326 1088 expugna-

25 1115 39 1181 ·,
150 1107 243 1170 tione
264 1106 414 1174 dmoonis
435 1130 497 1176 neo
520 1122 614 1177 sento
637 1129 698 1175 neo
719 1109 830 1194 gladio
851 1112 1008 1193 corporati
1022 1109 1171 1192 indiguit,
1193 1116 1226 1172 et
1240 1110 1325 1193 qnod

148 1212 294 1276 avaritia
315 1216 541 1279 monachornm
562 1215 688 1280 illorum
711 1213 866 1279 mendose
886 1215 943 1278 illa
963 1214 1134 1294 oonflnxit,
1164 1222 1196 1274 et
1227 1232 1325 1297 arma,

149 1315 274 1397 quibua
296 1314 332 1378 S.
355 1317 497 1382 llliohael
516 1321 684 1403 pugnavit,
706 1337 880 1402 numquam
901 1318 1066 1400 deposuit,
1093 1335 1154 1379 neo
1177 1333 1343 1400 pugnare*

149 1417 327 1500 aliqnando
349 1424 503 1486 cessavit.
546 1422 638 1486 Sient
660 1424 744 1486 enim
766 1424 799 1486 in
818 1422 910 1484 ooelo
932 1431 1043 1485 eontra
1063 1420 1168 1484 malos
1189 1421 1325 1503 angelos

146 1523 306 1603 proelium
327 1525 440 1606 gessit,
463 1526 513 1590 aio
532 1525 566 1588 in
586 1529 691 1589 veteri
709 1534 904 1590 testamento
921 1527 1073 1608 prinoeps
1091 1525 1200 1606 populi
1220 1524 1323 1588 lsrael
1458 1551 1462 1559 ·

147 1626 213 1688 init
237 1636 271 1688 et
289 1647 348 1710 pro
379 1627 428 1690 eia
446 1631 614 1713 pugnavit,
635 1640 671 1694 nt
693 1640 782 1714 patet
803 1629 928 1694 Jos'uae
950 1629 991 1692 V.
1047 1631 1083 1691 ln
1109 1647 1196 1691 novo
1224 1631 1322 1692 etiam

145 1731 360 1794 Testamenta
388 1749 518 1816 semper
547 1753 605 1816 pro
628 1734 825 1797 Christianis
846 1743 978 1818 pugnat,
1006 1742 1042 1796 nt
1061 1741 1151 1815 patet
1173 1732 1255 1797 llan.
1277 1737 1319 1796 x.

147 1833 231 1898 ldeo
261 1852 350 1898 arma
378 1853 440 1900 sna
465 1856 531 1901 non
563 1837 707 1921 deponit,
733 1855 812 1901 'enm
845 1856 909 1901 non
931 1837 998 1901 sint
1027 1837 1216 1920 corporalia.
1256 1818 1348 1902 His⁶
1418 1911 1428 1931 .
1477 1848 1484 1860 “
1539 1811 1541 1818 ¹

145 1939 329 2002 saeoularis
349 1940 407 2002 ille
428 1941 606 2005 instrnotns
628 1942 863 2024 regratiabatnr
880 1943 967 2006 mihi.

233 2045 286 2106 lle
315 2044 368 2108 ltis
395 2047 493 2109 armis
523 2047 649 2110 solebat
682 2063 783 2128 saepe
811 2045 900 2126 loqui
930 2044 1030 2108 irater
1056 2046 1209 2108 ¹llliolroel
1230 2046 1320 2129 Sion,

25 2130 34 2151 ¹
145 2165 250 2212 oocns
262 2147 454 2212 Conventus
472 2150 648 2234 Ulmensis,
669 2151 720 2214 vir
740 2149 879 2232 simplex
899 2155 932 2209 et
955 2151 1069 2229 bonus,
1091 2151 1147 2232 qui
1163 2151 1259 2211 etiarn
1282 2168 1322 2211 ea

145 2251 289 2335 viderat,
311 2255 388 2336 quia
408 2269 480 2314 eum
504 2255 614 2336 pneris
636 2273 720 2319 anno
742 2271 843 2336 snpra
865 2251 951 2314 dioto
983 2252 1089 2314 locum
1123 2254 1323 2315 visitaverat
1370 2257 1377 2274 '

144 2360 182 2415 nt
197 2370 297 2416 arma
317 2354 452 2419 videret.
496 2357 564 2421 Sed
593 2357 650 2432 illa
682 2365 758 2420 snut
790 2357 929 2439 puerilia
960 2355 1110 2424 condeta.
1151 2355 1321 2438 Apparitio

145 2463 256 2518 autem
288 2459 341 2521 hie
373 2461 406 2522 in
429 2459 540 2544 Gilgal
563 2462 647 2524 faeta
669 2470 720 2524 eat
749 2461 921 2524 verissima
943 2470 976 2523 et
995 2469 1125 2544 saneta,
1157 2459 1231 2523 ideo
1257 2460 1321 2542 hie,
1459 2521 1469 2548 ‚

144 2569 239 2660 esset
261 2561 296 2624 S.
319 2563 461 2628 llliohael
485 2564 715 2648 quaerendus:
737 2565 951 2628 certissimum
973 2574 1025 2628 est
1046 2566 1142 2650 enim,
1178 2563 1264 2646 qnod
1283 2562 1319 2626 S.

143 2665 285 2746 angelus
312 2667 366 2732 nto
384 2668 509 2734 Josnae
543 2670 688 2752 apparuit
710 2677 853 2732 armatus
885 2687 958 2732 oum
987 2667 1103 2751 ¹gladio
1134 2669 1320 2750 evaginato,

143 2786 213 2831 non
235 2771 322 2853 qnod
343 2771 491 2838 habuerit
510 2773 653 2857 gladium
673 2772 890 2853 artificialem,
920 2772 1006 2834 siout
1032 2790 1093 2833 neo
1130 2787 1259 2851 eorpus,
1286 2770 1320 2830 in
1423 2845 1428 2857 Ι

143 2891 211 2955 qno
233 2877 393 2959 apparuit,
414 2878 476 2941 sibi
498 2877 708 2940 connaturale
726 2877 798 2958 fnit,
821 2874 957 2938 sedtum
978 2892 1096 2955 eorpus
1110 2891 1206 2955 quarn
1231 2890 1321 2934 arma

26 2979 27 2984 ’
144 2979 278 3041 inerunt
296 2982 393 3042 aerea
412 2999 476 3044 neo
498 2982 613 3044 usibus
634 2981 784 3043 humanis
812 2987 909 3060 apta,
931 2984 965 3039 et
991 2986 1066 3060 post
1088 2976 1320 3059 apparitionem
1356 3024 1364 3036 .

143 3084 179 3144 ln
202 3083 371 3163 pristinum
394 3065 514 3148 statum
536 3084 688 3162 resoluta
733 3082 797 3163 Qui
817 3099 896 3164 ergo
919 3080 1081 3145 desiderat
1103 3080 1216 3144 videre
1248 3078 1321 3142 lona
1455 3165 1459 3173 Ι

25 3206 38 3256 ‚·
143 3188 180 3247 in
201 3189 319 3268 quibus
339 3188 447 3271 angeli
471 3191 632 3252 vernoiter
652 3196 889 3271 apparuerunt,
918 3185 1316 3276 haneperegrinationem

25 3325 26 3330 κ
143 3298 304 3373 assumat,
326 3299 360 3354 et
381 3292 462 3357 haee
484 3300 518 3356 et
539 3293 659 3374 majora
679 3291 811 3356 videbit.

307 3542 367 3618 De
391 3541 490 3617 valle
516 3541 644 3616 Achur
671 3539 772 3630 suris,
799 3542 859 3616 ubi
880 3543 947 3616 snit
969 3541 1163 3643 lapidatus

228 3718 259 3781 Δ
272 3717 421 3803 Galgalis
439 3729 545 3786 antem
569 3729 807 3805 oonseqnenter
824 3722 1051 3802 prooessimns
1062 3729 1176 3784 eontra
1185 3717 1317 3784 Jerieho

25 3874 37 3908 Ν,
143 3831 179 3883 et
203 3820 300 3902 juxta
329 3824 449 3887 vallem
470 3823 580 3887 Aolror
602 3827 772 3907 venimus,
795 3825 828 3886 in
851 3843 915 3905 qna
948 3825 1020 3905 ipse
1041 3841 1116 3888 oum
1139 3825 1225 3887 omni
1256 3840 1317 3887 sna

142 3925 338 4008 apelleotili
371 3937 404 3990 et
436 3928 532 3992 domo
562 3928 725 4012 lapidibus
744 3929 819 3991 *fuit
850 3928 986 3991 obrutus
1026 3937 1156 4010 propter
1187 3928 1316 4008 furtum,

142 4029 230 4114 qnod
257 4033 464 4094 oommiserat
494 4033 528 4094 in
560 4033 776 4096 subversione
796 4031 942 4114 serione,
975 4041 1010 4094 nt
1032 4039 1122 4114 patet
1142 4031 1265 4094 Josuae
1285 4029 1314 4094 t.
1362 4115 1367 4124 .
1441 4082 1447 4094 ,

141 4133 245 4198 Juxta
277 4136 363 4198 hano
402 4135 522 4200 vallem
552 4133 702 4201 admirati
743 4135 874 4200 divinae
904 4136 1055 4216 justitiae
1095 4135 1316 4214 severitatem,

141 4255 226 4320 qnae
246 4257 304 4322 pro
325 4239 443 4302 delioto
466 4240 567 4304 unius
588 4246 688 4304 totam
726 4242 992 4304 eommunitatem
1023 4238 1138 4319 punit,
1179 4247 1212 4298 et
1235 4254 1317 4319 peo-
1387 4237 1391 4246 '

142 4349 248 4408 uttan
269 4344 368 4410 arina
390 4342 538 4413 omnbus
552 4345 779 4427 improperat,
808 4345 894 4406 atem
925 4340 1006 4406 dioit
1027 4347 1142 4404 textae
1181 4356 1252 4421 oap.
1275 4335 1317 4415 7.,
