3202 5218
311 515 410 578 maris
432 514 533 578 nostri
554 512 781 577 mediterranei
804 511 958 592 ieoimua3
981 520 1162 575 astantem
1186 512 1284 578 multo
1314 513 1441 576 salsius
1465 523 1509 576 et

313 621 471 695 amarius,
494 637 588 702 quam
612 625 886 698 monestrum,
908 615 1060 700 quamvis
1082 625 1146 678 tam
1168 616 1248 681 illud
1271 635 1368 702 quam
1403 617 1507 680 aliud

311 745 355 789 ex
375 744 441 788 uuo
463 725 552 788 iente
574 722 671 786 maris
694 721 821 788 Oceani
844 721 988 803 effluant,
1011 721 1067 803 qui
1090 721 1295 786 salsissimus
1316 732 1377 786 est.
1415 720 1508 784 Sal-

312 831 436 895 sedinis
458 837 564 892 antem
585 826 675 892 illius
709 843 828 890 eaosas
849 827 930 889 aliae
952 833 1076 907 ponurn
1108 825 1273 889 naturales
1294 825 1507 908 philosophi,

312 937 395 998 alias
417 933 569 1015 theologi,
592 931 673 994 alias
695 939 813 1013 poetae
834 931 967 1013 antiqui.
997 927 1128 991 Causae
1147 930 1313 994 naturales
1333 939 1369 992 et
1393 931 1508 994 ibeo-

313 1038 470 1124 logioales
490 1045 603 1119 patent
624 1037 660 1101 Ρ.
684 1037 712 1100 1.
736 1035 792 1100 sol.
817 1035 869 1103 4³.
900 1033 1012 1097 Causa
1031 1043 1138 1098 autem
1161 1034 1331 1117 poetioalis
1354 1045 1412 1096 est
1433 1036 1507 1097 lruo

313 1151 490 1208 reservata.
543 1141 711 1204 l'onebant
755 1141 839 1203 enim
881 1138 1009 1224 quidam
1055 1140 1270 1202 vetustissimi
1309 1148 1505 1221 poetarum,

315 1249 545 1330 Demogorgon
567 1245 746 1328 quendam,
779 1244 1045 1308 terribilissimum
1073 1242 1240 1324 gigantem
1261 1251 1294 1305 et
1315 1245 1503 1306 maximum

314 1363 420 1417 termo
441 1352 558 1432 lilium,
581 1350 623 1413 de
645 1369 709 1433 quo
731 1350 831 1412 multa
852 1351 933 1412 mira
954 1351 1093 1412 reeitaat
1114 1356 1147 1410 et
1171 1348 1389 1430 phantastica,
1414 1366 1503 1410 esse

312 1461 397 1523 inter
428 1457 507 1520 deos
540 1455 698 1517 humanos
734 1456 870 1538 primum
903 1453 1062 1534 omnium,
1094 1469 1188 1533 quem
1231 1453 1328 1514 etiam
1366 1453 1503 1536 antiqui

313 1569 462 1625 errantes
484 1559 592 1622 dicere
614 1557 775 1622 audebant
796 1575 873 1620 osse
904 1557 1039 1639 primam
1062 1573 1195 1621 oausam
1218 1573 1324 1620 rerum
1344 1560 1498 1620 emoriu-

314 1677 346 1728 et
367 1672 564 1743 creatorem,
600 1671 635 1724 ut
655 1669 748 1743 patet
775 1663 809 1724 in
832 1659 973 1724 diversis
1005 1667 1152 1724 vetemm
1187 1661 1394 1726 carminibus.
1444 1661 1501 1722 De

312 1771 375 1833 boo
397 1785 474 1848 ergo
487 1766 737 1847 Demogorgone
757 1764 799 1827 ad
817 1766 1016 1848 propositum
1036 1765 1132 1829 talem
1155 1765 1292 1828 recitant
1308 1766 1497 1847 historiam,

313 1890 398 1957 quae
423 1877 610 1953 supportat,
631 1873 737 1954 ipsum
761 1870 866 1933 inisse
887 1881 963 1932 ante
985 1869 1089 1934 laeam
1111 1869 1306 1934 firmamenti
1325 1880 1357 1932 et
1380 1880 1497 1933 tamen

316 1987 433 2040 terram
457 1976 579 2057 inisse,
607 1973 667 2037 aed
688 1984 832 2057 opertam
861 1974 1010 2058 ealigine
1054 1977 1120 2038 Hie
1152 1993 1230 2057 ergo
1260 1973 1498 2057 Demogorgou

316 2083 469 2146 continua
491 2080 631 2163 ealigine
662 2078 800 2142 allectus
830 2080 937 2142 taedio
967 2080 1227 2144 Aoroearaunioe
1259 2089 1385 2143 montes
1406 2097 1497 2142 oon-

313 2186 441 2250 soendit
462 2193 496 2247 et
519 2203 560 2246 ex
582 2187 631 2248 eis
651 2185 834 2267 ingentem,
863 2185 1035 2247 maximam
1057 2184 1180 2248 evulsit
1204 2184 1319 2248 molem
1352 2183 1491 2265 ignitam

313 2308 451 2373 eamque
480 2291 584 2372 primo
605 2288 790 2351 rotundavit
818 2290 1011 2372 forcipibus,
1045 2287 1163 2352 deiude
1188 2307 1260 2352 eam
1281 2291 1314 2351 iu
1337 2287 1494 2352 Caneaso

314 2404 422 2459 monte
442 2392 593 2457 solidavit
615 2392 747 2473 malleo,
771 2401 845 2476 post
867 2393 949 2455 haee
971 2412 1043 2456 eam
1065 2393 1149 2456 ultra
1175 2392 1404 2476 Reprobanam
1427 2393 1492 2456 de-

316 2501 386 2562 tulit
407 2507 440 2560 et
462 2496 592 2579 globum
615 2495 704 2559 illum
726 2496 868 2560 lnoidum
888 2498 998 2560 sexies
1018 2496 1115 2560 undis
1135 2498 1294 2560 immersit
1307 2507 1341 2560 et
1354 2498 1490 2561 totidem

315 2625 385 2667 eam
419 2620 477 2685 per
509 2617 605 2663 auras
637 2600 879 2664 circumrotavit
908 2612 941 2665 et
962 2603 1025 2665 hoo
1046 2602 1135 2684 ideo,
1166 2620 1209 2664 ne
1242 2601 1309 2664 ulla
1334 2621 1490 2686 nmquam

313 2716 427 2793 posset
448 2706 581 2769 diminui
613 2712 669 2768 aut
697 2704 772 2767 aevi
805 2705 993 2769 labefactari
1014 2707 1161 2788 mbigine
1182 2713 1216 2768 et
1236 2714 1272 2768 ut
1293 2706 1389 2788 agilis
1418 2706 1490 2770 fer·

316 2823 405 2878 retur
425 2813 584 2895 undique;
607 2810 662 2894 qni
683 2809 854 2873 confestim
873 2829 912 2873 se
933 2810 1050 2874 tollens
1067 2811 1101 2872 in
1119 2809 1219 2873 altum
1238 2808 1365 2872 domum
1384 2811 1490 2874 iutra·

312 2923 362 2982 vit
394 2919 458 3002 poli
504 2917 670 3001 patrisque
709 2913 821 2977 sedem
861 2934 989 2979 omnem
1022 2916 1199 2996 eomplevit
1231 2914 1369 2997 fulgore.
1433 2915 1490 2980 Ex

314 3023 572 3086 immersionibus
601 3028 708 3082 autem
730 3036 835 3100 aquae
865 3029 941 3081 ante
972 3019 1085 3084 dulces
1127 3019 1371 3094 amaritudinem
1394 3037 1489 3084 snm-

314 3137 427 3190 serunt
449 3124 624 3190 salsedinis
647 3134 681 3187 et
704 3141 760 3187 aer
788 3122 829 3186 ad
852 3121 1076 3207 pereipiendos
1097 3124 1205 3188 radios
1226 3123 1311 3187 lueis
1333 3143 1376 3187 ex
1396 3133 1489 3188 rota-

314 3231 458 3292 tionibus
486 3238 598 3291 arotus
628 3228 735 3290 iaotus
766 3237 825 3290 est.
870 3229 965 3292 Haeo
988 3229 1039 3292 .do
1075 3227 1140 3292 illo.
1185 3227 1343 3306 Quamvis
1374 3237 1485 3293 antem

316 3335 397 3394 haeo
419 3341 452 3394 et
482 3332 600 3394 similia
626 3330 798 3393 videantur
830 3348 906 3393 esse
936 3334 1141 3415 phantastica
1172 3335 1205 3396 in
1227 3334 1415 3416 superlioie,
1450 3335 1487 3398 iu

314 3435 455 3500 medulla
475 3445 583 3497 tamen
598 3443 672 3495 sunt
691 3433 882 3495 veritatibus
904 3436 1104 3500 naturalibus
1119 3445 1154 3500 et
1170 3439 1361 3521 theologicis
1377 3437 1487 3521 plena,

315 3549 352 3605 ut
369 3547 458 3623 patet
472 3558 531 3622 par
547 3538 657 3601 Jobait
669 3534 720 3620 [l]
736 3539 768 3598 in
786 3535 877 3599 libris
888 3536 929 3599 de
943 3544 1153 3620 generatione
1168 3542 1298 3606 deorum
1309 3542 1488 3626 gentilium,

314 3648 345 3710 in
373 3647 490 3731 quibus
511 3642 682 3708 medullam
705 3643 745 3705 do
767 3639 863 3704 dietis
885 3652 1051 3726 poetamm
1073 3647 1159 3710 elicii
1180 3646 1409 3710 dulcissimam.

399 3750 538 3814 Salsedo
567 3750 621 3814 illa
644 3749 752 3831 maris,
775 3756 809 3811 ut
832 3747 941 3812 dieunt
962 3757 1091 3833 nautae,
1104 3759 1156 3814 est
1176 3752 1281 3814 solum
1303 3750 1487 3835 superliolei

315 3871 419 3937 aquae
439 3857 584 3918 immixta
605 3864 638 3917 et
659 3855 744 3918 inira
765 3853 876 3916 (laeam
900 3872 1018 3935 passus
1041 3854 1145 3918 duleis
1166 3857 1341 3923 invenitur.
1381 3855 1419 3917 st
1439 3855 1487 3920 ita

313 3957 377 4031 sit,
400 3973 462 4038 ego
485 3960 686 4039 experientia
706 3977 769 4021 non
788 3959 911 4040 aooepi.
940 3963 1032 4021 blare
1053 3958 1115 4022 boo
1137 3962 1265 4023 rubrum
1289 3959 1487 4042 temporibus

314 4060 550 4142 antiquissimis
571 4061 737 4124 dicebatur
758 4079 847 4123 mare
876 4063 1108 4145 Erythraeum,
1130 4064 1170 4126 ab
1192 4065 1374 4146 Erythraeo
1395 4081 1484 4146 rege,

315 4164 370 4248 qui
393 4163 454 4226 luit
483 4163 571 4228 lilius
601 4165 715 4228 Persei
748 4171 782 4226 at
803 4163 1029 4230 Andromedae
1057 4176 1090 4230 et
1110 4171 1261 4251 regnavit
1291 4170 1325 4231 iu
1354 4169 1485 4251 regione

312 4268 408 4350 juxta
427 4268 491 4334 boe
511 4287 599 4332 mare
620 4279 653 4332 et
673 4271 707 4332 in
727 4268 842 4333 insulis
873 4269 945 4351 ejus
973 4281 1007 4336 et
1031 4273 1090 4336 init
1112 4273 1272 4336 maximae
1292 4271 1485 4353 autoritatis,

314 4370 414 4457 adeo,
459 4382 495 4438 ut
527 4375 675 4440 morienti
704 4375 738 4438 in
770 4374 907 4458 quadam
944 4378 1041 4442 maris
1074 4378 1161 4441 rubri
1198 4377 1306 4447 insula
1344 4376 1483 4440 oratoris
