3212 5206
284 407 388 456 neves
408 399 607 476 exspectare
639 389 752 476 Aliqui
771 387 846 475 (ts
856 396 901 472 o)
929 387 1139 458 intendebant
1159 388 1296 455 transire
1315 390 1349 454 in
1364 355 1456 456 ¹(isi-

286 515 356 562 rum
385 505 417 560 et
439 495 480 560 de
502 495 599 560 Cairo
628 514 686 581 per
707 514 795 561 oram
817 496 915 560 maris
937 497 1023 563 rubri
1044 493 1223 560 escendere
1242 515 1301 580 per
1318 497 1455 559 lladian

285 601 327 666 ad
348 609 489 666 montem
515 599 620 686 Syuni
654 609 688 665 ot
717 619 758 666 eo
788 603 921 666 visitato
953 603 1072 667 reverti
1091 604 1126 665 ln
1147 602 1386 691 Aegyptnmet
1409 600 1456 666 sd

276 723 382 770 snare.
425 705 538 789 Aliqui
567 707 721 772 volebant
749 723 880 771 manere
900 707 934 772 iu
962 705 1057 772 (iana
1078 723 1183 792 usque
1212 706 1254 770 ad
1275 706 1457 771 murales-

285 811 425 874 centism
454 819 487 874 et
520 817 600 881 tnnc
629 831 688 897 per
714 812 800 876 mam
834 829 926 876 suam
949 811 1121 895 proticisci.
1164 809 1295 897 Reliqui
1316 829 1396 875 vero
1417 812 1455 873 in

283 905 449 1000 proposito
481 917 584 999 primo
605 919 791 999 manebant,
812 917 976 980 utstatim
1001 919 1037 980 in
1058 915 1232 980 crastinum
1261 915 1457 1000 proticisce-

153 1039 157 1046 ’
285 1031 414 1104 rentur,
433 1040 498 1086 nou
519 1023 686 1107 obstante3
707 1021 792 1108 qnod
814 1031 926 1086 essem
946 1021 1081 1091 debiles.
1122 1023 1211 1085 lutor
1230 1023 1312 1086 hece
1332 1038 1455 1104 magua

285 1126 373 1190 lacta
393 1125 456 1188 fuit
477 1125 595 1192 divisio
626 1129 710 1193 tntor
729 1131 921 1213 peregrinos
950 1137 983 1191 et
1003 1126 1155 1191 discissio
1181 1127 1404 1207 societatum,·
1418 1133 1456 1188 et

285 1231 418 1315 quilibet
455 1231 602 1295 adhaesit
632 1233 696 1317 illl,
731 1235 788 1318 qui
821 1241 1012 1317 conceptam
1045 1232 1109 1296 sibi
1139 1231 1236 1294 etiam
1267 1228 1453 1315 placentem

287 1337 547 1419 excogitaverat,
569 1347 605 1400 ut
625 1355 771 1403 seorsum
796 1340 1041 1422 practicabant,
1054 1337 1102 1401 illi
1118 1335 1189 1400 'dno
1211 1337 1288 1420 hoc,
1310 1335 1365 1398 alii
1386 1331 1453 1396 duo

284 1435 382 1520 illud,
410 1441 532 1504 caeteri
553 1440 657 1525 alind,
680 1450 713 1505 ot
738 1441 899 1506 dissoluta
927 1443 989 1506 luit
1012 1443 1117 1507 omnis
1137 1441 1303 1506 lrarmonis
1323 1439 1465 1502 unionis·

284 1553 426 1608 nostroe
471 1542 552 1608 Cum
573 1547 638 1610 ista
659 1563 736 1630 ergo
758 1565 868 1612 amare
888 1547 1110 1632 inquietudine
1131 1546 1281 1611 transivit
1301 1543 1356 1608 illa
1378 1540 1453 1606 dies
1534 1551 1539 1558 “

236 1713 238 1718 .
284 1647 416 1732 infelix,
445 1667 507 1713 nae
539 1653 603 1716 hoc
628 1651 682 1718 dio
707 1651 849 1716 vidimus
875 1641 1020 1716 nostrum
1049 1651 1390 1729 'lrutsolrelnrannurn‚
1418 1653 1454 1707 et

285 1753 349 1818 lroc
366 1753 459 1819 uobis
479 1759 702 1842 augmentavlt
722 1759 926 1842 suspiciones
948 1758 989 1822 de
1008 1776 1047 1823 oo
1066 1766 1249 1843 conceptos
1327 1797 1333 1808 ·

336 1973 450 2056 Nova
475 1977 749 2081 peregrinorum
774 1981 978 2081 coujuratio
1013 1989 1098 2084 post
1120 1977 1402 2086 praecedentem

502 2101 909 2206 coneommotionemct
931 2102 1230 2204 pacificationem.

370 2265 496 2332 Octavo
517 2268 570 2333 die
600 2268 705 2334 illuxit
729 2267 872 2352 iocunde
893 2279 925 2334 ot
956 2270 1036 2334 felix
1060 2271 1134 2354 lux,
1169 2270 1210 2334 de
1241 2286 1306 2355 que
1335 2266 1452 2332 dieitur

284 2373 316 2434 2.
338 2373 485 2435 Maccab.
510 2375 554 2437 1.:
576 2373 655 2457 Sol,
676 2376 731 2458 qui
759 2376 849 2457 prius
870 2384 938 2439 eret
970 2377 1005 2438 in
1025 2375 1156 2459 nubilo,
1177 2376 1251 2438 oriri
1271 2375 1366 2439 visus
1387 2382 1450 2437 cst.

284 2475 640 2560 Besta'quippc'Virgo
667 2481 773 2542 llar'la
792 2497 853 2543 soe
873 2480 1110 2563 gloriosissimo
1123 2481 1301 2544 'nadvitate
1320 2499 1449 2543 omnem
1576 2533 1577 2552 2

284 2581 475 2667 caliginem,
508 2601 634 2646 omnem
664 2583 897 2666 turbationem,
928 2604 1053 2650 omnem
1076 2584 1215 2668 denique
1232 2585 1450 2648 infirmitatem

284 2691 325 2752 alr
347 2688 495 2752 omnihus
516 2686 682 2772 effugavit
725 2687 799 2752 Neo
819 2687 893 2754 dico
916 2691 981 2753 ista
1000 2691 1201 2774 parabolice,
1223 2689 1281 2754 sed
1303 2707 1383 2755 vere
1404 2692 1452 2753 ita

283 2796 404 2858 evenit.
445 2791 532 2857 Nam
553 2802 708 2877 surgente
728 2813 843 2859 aurora
865 2793 1004 2858 diximus
1035 2812 1097 2860 nos
1125 2795 1313 2861 secerdotes
1343 2805 1451 2860 metu-

284 2901 372 2964 tiuss
393 2908 425 2961 et
447 2901 566 2982 primas
587 2909 620 2964 et
640 2901 742 2964 altere
763 2909 906 2964 nostrum
928 2903 1192 2984 praeparavimus
1213 2901 1255 2966 ad
1274 2902 1450 2965 llissorum
1510 2979 1513 2984 Ι

282 3006 440 3070 solemnia
459 3004 652 3071 celebranda
673 3014 708 3072 et
733 3023 846 3070 omnes
868 3015 935 3069 tres
955 3007 1146 3070 successive
1165 3008 1290 3072 Missae
1301 3007 1452 3072 Officium

283 3111 422 3192 legimus
446 3109 489 3171 do
510 3110 687 3172 festivitate
707 3110 849 3172 instante
870 3117 902 3172 et
924 3111 1086 3174 orationes
1104 3130 1162 3194 pro
1186 3112 1450 3177 oonvalasoentia

284 3214 480 3279 infirmorum
499 3222 679 3276 nostrorum
701 3220 734 3275 et
761 3233 820 3296 pro
839 3213 936 3277 felice
967 3215 1171 3281 itineratione
1201 3217 1388 3300 occepimus
1416 3226 1451 3280 et
1577 3195 1578 3264 1

282 3321 336 3384 lris
360 3318 475 3381 Missis
495 3336 608 3380 omnes
628 3319 791 3400 peregrini
815 3318 997 3402 astiterunt,
1019 3322 1114 3384 etiarn
1133 3321 1203 3405 illi,
1231 3323 1285 3404 qul
1314 3321 1384 3385 heri
1416 3332 1451 3386 et

283 3424 402 3488 nudius
423 3423 537 3487 tertius
554 3422 747 3486 videbantur
768 3422 862 3486 morti
882 3425 1073 3508 propinqui,
1100 3443 1174 3490 cum
1200 3427 1323 3509 ingenti
1345 3426 1450 3491 devo-

283 3529 424 3614 tione10t
445 3529 619 3612 gratiarum
643 3527 779 3610 actione,
800 3527 922 3593 relictis
943 3527 1082 3613 lectulis,
1103 3531 1198 3594 flexis
1219 3531 1373 3615 genubus
1394 3530 1450 3594 ei-
1484 3547 1487 3554 ⁴

283 3636 412 3699 luerunt
443 3651 547 3717 usque
578 3633 620 3697 ad
651 3632 759 3696 linem.
796 3631 925 3697 utonis
955 3644 1062 3698 autem
1084 3636 1199 3700 llissis
1226 3653 1284 3719 pro
1313 3634 1449 3719 prandio

282 3741 492 3803 instruximus
523 3748 556 3802 et
589 3757 677 3802 more
708 3737 804 3803 solito
831 3739 977 3802 coximus
1003 3748 1039 3803 et
1068 3741 1354 3824 manducavimus,
1387 3757 1449 3804 uec

282 3844 344 3908 luit
365 3845 502 3927 emplius
525 3845 674 3908 memoria
696 3845 888 3928 praeteritae
909 3844 1098 3928 divisionis,
1124 3846 1182 3910 sod
1199 3843 1242 3910 dc
1260 3865 1346 3911 novo
1366 3864 1449 3908 cou-

278 3949 460 4031 juravimns
484 3967 597 4013 omnes
627 3951 722 4013 simul
745 3968 802 4032 per
824 3948 985 4013 (laeuum
1006 3951 1040 4014 iu
1061 3949 1214 4014 Arabium
1247 3950 1287 4014 sd
1309 3959 1448 4014 montem

279 4053 385 4138 Synai
405 4073 542 4137 pergere
562 4063 595 4117 et
621 4055 716 4119 simul
737 4056 851 4118 vivere
870 4065 906 4118 ot
934 4057 1029 4140 mori,
1059 4074 1123 4120 nec
1146 4057 1306 4120 infirmum
1334 4073 1450 4138 quem-

281 4177 420 4245 cumque
435 4159 594 4223 vellemus
614 4169 688 4244 post
701 4179 763 4225 nos
775 4161 966 4243 relinquere,
987 4160 1047 4224 sed
1065 4163 1098 4224 in
1113 4161 1306 4225 camelorum
1327 4161 1449 4242 sportis

280 4284 395 4332 omnes
415 4267 448 4331 iu
467 4267 569 4330 asinis
588 4266 706 4330 sedere
727 4285 791 4332 non
812 4275 961 4351 potentes
983 4268 1149 4332 uobiscum
1171 4265 1302 4332 ducere.
1334 4265 1373 4328 ln
1393 4262 1450 4327 illo
