3240 5222
635 436 876 503 Concilium.

257 603 356 668 Anno
375 603 505 666 Domini
529 603 620 668 tata.
643 605 749 668 tactus
771 616 823 670 est
843 606 934 690 Papa
953 609 1160 673 Innocentius
1181 611 1238 674 lV.
1275 611 1339 674 Hic

173 707 260 792 apud
280 706 477 790 Lugdunum
504 707 673 772 concilium
706 712 859 792 generale
895 713 1075 777 celebravit
1110 723 1143 776 et
1170 722 1338 784 tractatum

173 815 285 880 habuit
309 813 350 876 de
372 823 477 876 terrae
497 821 631 875 sanotae
650 815 895 897 recuperatione
917 827 949 884 et
969 820 1193 901 imperatorem
1223 822 1339 884 inobe-

175 918 316 982 dientem
335 917 458 1001 citavit,
480 926 516 979 ut
536 919 748 1000 personaliter
768 932 978 1024 compareret.

156 1101 165 1117 .
200 1020 321 1100 Qui
352 1023 439 1085 misit
480 1040 559 1112 suas
601 1027 844 1088 excusationes·
863 1036 895 1090 et
936 1031 1066 1092 veniam
1103 1029 1218 1113 petivit
1260 1048 1339 1112 pro-

73 1166 77 1174 ·
176 1129 318 1210 mittens,
341 1126 427 1210 quod
447 1129 532 1190 intra
552 1145 671 1191 annum
691 1140 877 1211 operaretur
894 1150 966 1194 cum
989 1131 1142 1216 Soldano‚
1173 1140 1210 1195 ut
1242 1134 1340 1198 resti-

176 1242 320 1296 tueretnr
341 1240 426 1296 terra
456 1239 573 1295 sancta
603 1231 806 1298 Christianis.
850 1235 918 1300 Sed
945 1255 1018 1300 cum
1054 1238 1117 1301 boc
1145 1238 1338 1321 promissum

175 1347 207 1402 et
235 1337 299 1401 alia
320 1339 451 1400 minime
479 1346 662 1421 servasset,
694 1342 1009 1422 excommunicatus,
1036 1341 1274 1406 'condemnatus
1306 1351 1340 1404 et
1406 1325 1414 1335 ’

175 1442 343 1525 depositus
371 1445 411 1506 ab
434 1443 568 1524 imperio
600 1462 658 1525 per
682 1444 804 1527 Papam
837 1447 907 1526 fuit,
942 1446 975 1508 in
1007 1447 1338 1512 excommunicatione

174 1557 318 1612 mortuns
339 1555 374 1608 et
395 1547 573 1611 suffocatus
595 1566 653 1628 per
675 1549 837 1632 proprium
859 1550 957 1613 lilium
980 1567 1083 1612 auum.

256 1653 375 1715 Postea
396 1669 479 1713 anoo
500 1648 714 1716 nccxntv.
737 1655 945 1736 pontificante
974 1657 1161 1720 Innocentio
1182 1657 1230 1720 tv
1252 1655 1342 1722 iacta

176 1766 227 1820 est
256 1757 419 1830 contemto
449 1755 607 1818 diabolica
637 1758 721 1820 inter
747 1757 950 1822 Christianos
977 1760 1010 1822 in
1039 1759 1137 1843 Syria
1169 1770 1202 1823 et
1222 1761 1343 1846 notor

175 1862 319 1941 civitate,
336 1859 429 1924 'inter
451 1861 644 1923 Genuenses
673 1871 707 1924 et
731 1862 896 1944 Venetos,
925 1864 1001 1945 quia
1033 1864 1194 1946 quaelibet
1227 1865 1340 1930 harum

169 1969 345 2032 civitatum
364 1964 538 2048 quaerebat
558 1981 635 2026 esse
654 1965 757 2047 'rbojor
777 1975 810 2029 et
830 1967 864 2028 in
887 1975 1008 2028 tantum
1022 1969 1209 2030 saevierunt
1230 1979 1340 2050 partes
1365 1997 1370 2046 1
1425 2021 1429 2028 .

173 2083 286 2140 contra
307 2071 516 2150 seinvicem,
536 2078 573 2135 ut
594 2087 666 2132 cum
689 2069 850 2135 classibus
871 2072 1121 2152 congressiones
1142 2070 1286 2134 lacerent
1306 2076 1341 2135 in

174 2167 581 2263 aspectu'Sarracenorum
601 2183 634 2236 et
661 2193 750 2236 mure
774 2177 1051 2254 insecurisslmum
1084 2174 1196 2255 beret,
1228 2173 1274 2239 ita
1305 2185 1341 2240 ut
1404 2249 1407 2256 Ι

171 2283 239 2366 iam
261 2281 340 2344 nolli
360 2279 523 2363 peregrini
546 2279 618 2341 loca
639 2288 753 2342 sancta
774 2282 909 2344 visitare
930 2279 1100 2361 auderent,
1129 2275 1222 2343 erant
1253 2283 1340 2344 enim

142 2387 144 2390 ’
174 2385 305 2464 ambae
307 2393 434 2468 partes
438 2385 540 2447 fortes
571 2392 657 2446 terra
675 2391 709 2446 ot
733 2387 813 2449 mari
840 2396 871 2447 et
904 2383 1131 2463 formidabiles
1144 2383 1340 2462 Christianis

170 2502 209 2570 et
240 2491 439 2558 Sarracenls.
492 2489 586 2553 Unde
607 2471 771 2553 Soldanus
794 2482 938 2590 videns,
977 2475 1057 2558 suis
1077 2485 1170 2555 terris
1203 2489 1245 2554 ex
1275 2473 1340 2554 illis
1373 2541 1376 2548 .

175 2596 269 2660 bellis
290 2595 543 2660 Christianorum
562 2596 647 2658 inter
667 2612 704 2657 sc
724 2583 890 2660 imminere
902 2585 1108 2678 periculum,
1143 2593 1352 2661 Grossonios.
1410 2627 1414 2636 ·
1485 2590 1488 2598 '

175 2687 339 2782 Tartarus,
360 2708 490 2782 gentem
501 2699 686 2781 Arabicam,
706 2687 866 2779 invitavit,
890 2700 945 2781 qui
966 2701 998 2760 in
1015 2689 1147 2781 regnum
1166 2698 1339 2779 derosoly-

174 2807 328 2870 milatium
360 2807 531 2867 venientes
552 2802 754 2867 Christianos
782 2803 1025 2869 debellaverunt
1052 2810 1086 2863 et
1113 2801 1339 2876 ante'Gauam
1424 2849 1427 2856 .

175 2910 340 2975 civitatem
377 2907 511 2991 plures
508 2914 778 2991 prostraverunt,
810 2907 940 2970 tandem
973 2913 1079 2968 antem
1100 2901 1338 2991 Jerosolymam

176 3014 316 3096 ingressi
334 3023 365 3077 et
379 3013 412 3076 in
423 3011 632 3094 'templarios
644 2999 891 3095 Hospitalarios,
912 3014 961 3085 ibi
979 3012 1192 3076 deconsensu
1196 2996 1339 3074 Soldaui

173 3119 366 3201 habitantes,
388 3119 567 3200 congressi,
588 3116 705 3180 multos
727 3116 858 3180 relictos
892 3099 1079 3179 occiderunt
1111 3101 1144 3178 et
1175 3134 1248 3178 cum
1276 3117 1339 3180 hoo
1375 3201 1378 3206 Ι

173 3224 349 3308 gloriosum
363 3222 491 3285 Domini
508 3213 713 3304 sepulchrum
733 3221 960 3290 ‹teetroxerunt
981 3229 1018 3283 ot·
1032 3218 1203 3284 ecclesiam
1215 3219 1337 3284 Christi
1426 3221 1430 3228 '

174 3332 293 3411 quovis
315 3327 520 3409 turpitudinis
539 3346 662 3409 genere
681 3326 901 3388 foedaverunt.
996 3371 1000 3380 .
1047 3339 1054 3392 ,·

209 3429 384 3523 [Βιίιάο
405 3450 489 3495 anno
510 3431 640 3495 Domita
669 3432 759 3494 tate.
782 3430 915 3494 sanctus
933 3428 1133 3510 ludovicus,
1156 3446 1213 3491 rex
1232 3427 1339 3496 Frau-
1370 3489 1373 3496 .

145 3578 148 3584 ·
174 3541 263 3619 cieo,
281 3537 315 3599 in
335 3537 430 3619 gravi
449 3535 593 3599 existens
618 3535 802 3614 infirmitate
832 3534 959 3616 rogavit
981 3534 1085 3608 Deum
1106 3552 1165 3616 pro
1186 3531 1338 3614 sanitate,

175 3651 284 3707 votum
321 3625 445 3705 iaciens
481 3641 713 3704 transmarinae
747 3639 1025 3722 peregrinationis.
1075 3636 1217 3699 Sanitati
1258 3651 1358 3721 ergo·

173 3747 342 3810 restitutus
363 3763 491 3810 crucem
516 3762 588 3809 oum
617 3739 726 3806 multis
756 3743 930 3806 baronibus
951 3741 1043 3822 regni
1064 3738 1189 3823 accepit
1210 3747 1244 3800 et
1265 3745 1338 3802 oum

174 3852 307 3934 copioso
327 3851 471 3914 exercitu
492 3857 604 3913 contra
623 3847 752 3941 Syriam
774 3865 836 3938 per
852 3865 941 3936 mm
961 3847 1126 3939 profectu,
1147 3852 1208 3906 „gp
1251 3841 1340 3906 sm,
1430 3929 1455 3938 η
1507 3848 1516 3866 .

174 3954 293 4019 debant
333 3964 442 4020 autem
471 3955 562 4017 multi
592 3954 680 4036 regt‚
716 3960 752 4015 ut
785 3950 931 4016 terrestri
962 3950 1077 4012 itinere
1107 3967 1165 4031 per
1187 3948 1337 4011 'l'ureiam

174 4059 288 4123 Asiam
310 4060 463 4123 minorem
487 4060 622 4122 intraret
644 4066 677 4119 et
704 4057 806 4139 ipsam
825 4056 973 4118 Turoiam
1005 4064 1146 4138 caperet,
1178 4045 1339 4138 siqnidem

175 4180 259 4226 anno
290 4164 463 4247 praeterito
481 4163 605 4226 Tartari
639 4163 743 4246 ipsam
763 4160 911 4225 'l'urciam
937 4157 1188 4222 devastaverant
1215 4165 1248 4220 et
1277 4155 1337 4217 de-

177 4265 381 4332 bilitaverunt
423 4268 490 4350 ita,
522 4265 607 4351 quod
638 4268 669 4328 si
701 4285 758 4330 rex
800 4284 857 4347 per
893 4281 963 4328 eam
1000 4262 1221 4342 transmissa,
1266 4261 1339 4320 sine
