<?xml version="1.0" encoding="UTF-8"?>
<!DOCTYPE html PUBLIC "-//W3C//DTD XHTML 1.0 Transitional//EN"
    "http://www.w3.org/TR/xhtml1/DTD/xhtml1-transitional.dtd">
<html xmlns="http://www.w3.org/1999/xhtml" xml:lang="en" lang="en">
 <head>
  <title>
</title>
<meta http-equiv="Content-Type" content="text/html;charset=utf-8" />
  <meta name='ocr-system' content='tesseract 3.04.00' />
  <meta name='ocr-capabilities' content='ocr_page ocr_carea ocr_par ocr_line ocrx_word'/>
</head>
<body>
  <div class='ocr_page' id='page_1' title='image "./fratrisfelicisf04fabrgoog_0215.png"; bbox 0 0 3232 5218; ppageno 0'>
   <div class='ocr_carea' id='block_1_1' title="bbox 186 321 1356 586">
    <p class='ocr_par' dir='ltr' id='par_1_1' title="bbox 186 321 1356 586">
     <span class='ocr_line' id='line_1_1' title="bbox 729 321 795 388; baseline 0 0"><span class='ocrx_word' id='word_1_1' title='bbox 729 321 795 388; x_wconf 68' lang='lat'><strong>2⁰³</strong></span> 
     </span>
     <span class='ocr_line' id='line_1_2' title="bbox 186 497 1356 586; baseline -0.003 -18"><span class='ocrx_word' id='word_1_2' title='bbox 186 502 262 568; x_wconf 78' lang='lat' dir='ltr'><strong>XV.</strong></span> <span class='ocrx_word' id='word_1_3' title='bbox 275 523 284 586; x_wconf 84' lang='lat'>3</span> <span class='ocrx_word' id='word_1_4' title='bbox 296 497 493 584; x_wconf 72' lang='lat' dir='ltr'><strong>Jerusalem,</strong></span> <span class='ocrx_word' id='word_1_5' title='bbox 508 499 660 566; x_wconf 77' lang='lat' dir='ltr'><strong>indicum</strong></span> <span class='ocrx_word' id='word_1_6' title='bbox 668 499 759 568; x_wconf 77' lang='lat' dir='ltr'><strong>XIX.</strong></span> <span class='ocrx_word' id='word_1_7' title='bbox 769 520 778 583; x_wconf 83' lang='lat'><em>3</em></span> <span class='ocrx_word' id='word_1_8' title='bbox 789 498 1005 583; x_wconf 75' lang='lat' dir='ltr'><strong>ierosolyma,</strong></span> <span class='ocrx_word' id='word_1_9' title='bbox 1021 497 1139 564; x_wconf 77' lang='lat' dir='ltr'><strong>niatu.</strong></span> <span class='ocrx_word' id='word_1_10' title='bbox 1150 500 1190 564; x_wconf 85' lang='lat'><strong>11.</strong></span> <span class='ocrx_word' id='word_1_11' title='bbox 1206 499 1356 582; x_wconf 69' lang='lat' dir='ltr'><strong>ethnae,</strong></span> 
     </span>
    </p>
   </div>
   <div class='ocr_carea' id='block_1_2' title="bbox 185 604 1364 4422">
    <p class='ocr_par' dir='ltr' id='par_1_2' title="bbox 185 604 1360 2974">
     <span class='ocr_line' id='line_1_3' title="bbox 186 604 1357 690; baseline -0.001 -19"><span class='ocrx_word' id='word_1_12' title='bbox 186 607 275 671; x_wconf 82' lang='lat' dir='ltr'><strong>Area</strong></span> <span class='ocrx_word' id='word_1_13' title='bbox 297 606 408 668; x_wconf 82' lang='lat' dir='ltr'><strong>Arnae</strong></span> <span class='ocrx_word' id='word_1_14' title='bbox 430 604 575 669; x_wconf 80' lang='lat' dir='ltr'><strong>1.Para1.</strong></span> <span class='ocrx_word' id='word_1_15' title='bbox 598 605 715 690; x_wconf 81' lang='lat' dir='ltr'><strong>xxii,</strong></span> <span class='ocrx_word' id='word_1_16' title='bbox 737 612 770 668; x_wconf 90' lang='lat' dir='ltr'><strong>et</strong></span> <span class='ocrx_word' id='word_1_17' title='bbox 790 605 837 666; x_wconf 87' lang='lat' dir='ltr'><strong>ita</strong></span> <span class='ocrx_word' id='word_1_18' title='bbox 859 605 955 667; x_wconf 90' lang='lat' dir='ltr'><strong>etism</strong></span> <span class='ocrx_word' id='word_1_19' title='bbox 974 605 1117 668; x_wconf 74' lang='lat' dir='ltr'><strong>nominat</strong></span> <span class='ocrx_word' id='word_1_20' title='bbox 1137 604 1357 688; x_wconf 72' lang='lat' dir='ltr'>Hieronymus</span> 
     </span>
     <span class='ocr_line' id='line_1_4' title="bbox 186 705 1355 791; baseline -0.003 -18"><span class='ocrx_word' id='word_1_21' title='bbox 186 710 227 774; x_wconf 92' lang='lat' dir='ltr'><strong>de</strong></span> <span class='ocrx_word' id='word_1_22' title='bbox 267 709 432 772; x_wconf 70' lang='lat' dir='ltr'><strong>distantiis</strong></span> <span class='ocrx_word' id='word_1_23' title='bbox 465 706 625 789; x_wconf 82' lang='lat' dir='ltr'><strong>locorum3</strong></span> <span class='ocrx_word' id='word_1_24' title='bbox 667 705 774 789; x_wconf 83' lang='lat' dir='ltr'><strong>Arici,</strong></span> <span class='ocrx_word' id='word_1_25' title='bbox 815 709 894 776; x_wconf 82' lang='lat' dir='ltr'><strong>lisa.</strong></span> <span class='ocrx_word' id='word_1_26' title='bbox 941 708 1085 791; x_wconf 59' lang='lat' dir='ltr'><strong>xxm</strong></span> <span class='ocrx_word' id='word_1_27' title='bbox 1130 707 1215 770; x_wconf 73' lang='lat' dir='ltr'><strong>Filia</strong></span> <span class='ocrx_word' id='word_1_28' title='bbox 1252 706 1355 790; x_wconf 86' lang='lat' dir='ltr'><strong>Syon,</strong></span> 
     </span>
     <span class='ocr_line' id='line_1_5' title="bbox 186 809 1357 896; baseline -0.003 -18"><span class='ocrx_word' id='word_1_29' title='bbox 186 813 327 882; x_wconf 77' lang='lat' dir='ltr'><strong>Zachar.</strong></span> <span class='ocrx_word' id='word_1_30' title='bbox 349 813 426 896; x_wconf 79' lang='lat' dir='ltr'>IX.3</span> <span class='ocrx_word' id='word_1_31' title='bbox 449 809 579 874; x_wconf 82' lang='lat' dir='ltr'><strong>Civitas</strong></span> <span class='ocrx_word' id='word_1_32' title='bbox 600 814 793 895; x_wconf 78' lang='lat' dir='ltr'><strong>sanguinum</strong></span> <span class='ocrx_word' id='word_1_33' title='bbox 811 811 933 876; x_wconf 74' lang='lat' dir='ltr'><strong>Erech.</strong></span> <span class='ocrx_word' id='word_1_34' title='bbox 954 813 1077 894; x_wconf 80' lang='lat' dir='ltr'><strong>xxtr.;</strong></span> <span class='ocrx_word' id='word_1_35' title='bbox 1106 809 1234 876; x_wconf 83' lang='lat' dir='ltr'><strong>Civitas</strong></span> <span class='ocrx_word' id='word_1_36' title='bbox 1253 830 1357 895; x_wconf 81' lang='lat' dir='ltr'><strong>quae-</strong></span> 
     </span>
     <span class='ocr_line' id='line_1_6' title="bbox 186 915 1357 1000; baseline -0.003 -19"><span class='ocrx_word' id='word_1_37' title='bbox 186 919 266 1000; x_wconf 89' lang='lat' dir='ltr'><strong>sita,</strong></span> <span class='ocrx_word' id='word_1_38' title='bbox 294 917 415 980; x_wconf 75' lang='lat' dir='ltr'><strong>lissiae</strong></span> <span class='ocrx_word' id='word_1_39' title='bbox 443 915 561 998; x_wconf 52' lang='lat' dir='ltr'><strong>exn,</strong></span> <span class='ocrx_word' id='word_1_40' title='bbox 606 915 733 979; x_wconf 82' lang='lat' dir='ltr'><strong>Civitas</strong></span> <span class='ocrx_word' id='word_1_41' title='bbox 752 917 832 999; x_wconf 82' lang='lat' dir='ltr'><strong>Dei,</strong></span> <span class='ocrx_word' id='word_1_42' title='bbox 860 916 981 980; x_wconf 90' lang='lat' dir='ltr'><strong>Psalm.</strong></span> <span class='ocrx_word' id='word_1_43' title='bbox 1008 915 1078 998; x_wconf 71' lang='lat'><strong>823</strong></span> <span class='ocrx_word' id='word_1_44' title='bbox 1100 915 1227 979; x_wconf 84' lang='lat' dir='ltr'><strong>Civitas</strong></span> <span class='ocrx_word' id='word_1_45' title='bbox 1254 916 1357 999; x_wconf 80' lang='lat' dir='ltr'><strong>fortis,</strong></span> 
     </span>
     <span class='ocr_line' id='line_1_7' title="bbox 186 1019 1356 1103; baseline 0 -19"><span class='ocrx_word' id='word_1_46' title='bbox 186 1022 306 1084; x_wconf 77' lang='lat' dir='ltr'><strong>Esaiae</strong></span> <span class='ocrx_word' id='word_1_47' title='bbox 326 1019 468 1102; x_wconf 78' lang='lat' dir='ltr'>xxv1.;</span> <span class='ocrx_word' id='word_1_48' title='bbox 486 1020 611 1083; x_wconf 82' lang='lat' dir='ltr'><strong>Solium</strong></span> <span class='ocrx_word' id='word_1_49' title='bbox 632 1019 772 1102; x_wconf 84' lang='lat' dir='ltr'><strong>Domini,</strong></span> <span class='ocrx_word' id='word_1_50' title='bbox 799 1021 921 1088; x_wconf 82' lang='lat' dir='ltr'><strong>Jerem.</strong></span> <span class='ocrx_word' id='word_1_51' title='bbox 946 1022 1020 1103; x_wconf 85' lang='lat'>111.;</span> <span class='ocrx_word' id='word_1_52' title='bbox 1042 1021 1181 1084; x_wconf 85' lang='lat' dir='ltr'><strong>Domina</strong></span> <span class='ocrx_word' id='word_1_53' title='bbox 1199 1019 1356 1103; x_wconf 70' lang='lat' dir='ltr'><strong>¹gentiunt,</strong></span> 
     </span>
     <span class='ocr_line' id='line_1_8' title="bbox 185 1124 1357 1208; baseline 0 -20"><span class='ocrx_word' id='word_1_54' title='bbox 185 1125 341 1188; x_wconf 72' lang='lat' dir='ltr'><strong>Thmnor.</strong></span> <span class='ocrx_word' id='word_1_55' title='bbox 365 1125 411 1204; x_wconf 87' lang='lat'><strong>1.;</strong></span> <span class='ocrx_word' id='word_1_56' title='bbox 453 1124 609 1207; x_wconf 79' lang='lat' dir='ltr'><strong>Princeps</strong></span> <span class='ocrx_word' id='word_1_57' title='bbox 629 1125 888 1208; x_wconf 84' lang='lat' dir='ltr'><strong>provinciarum,</strong></span> <span class='ocrx_word' id='word_1_58' title='bbox 909 1125 1027 1188; x_wconf 75' lang='lat' dir='ltr'><strong>&#39;ihren</strong></span> <span class='ocrx_word' id='word_1_59' title='bbox 1055 1126 1103 1208; x_wconf 85' lang='lat'><strong>1.;</strong></span> <span class='ocrx_word' id='word_1_60' title='bbox 1125 1125 1233 1188; x_wconf 89' lang='lat' dir='ltr'><strong>Vallis</strong></span> <span class='ocrx_word' id='word_1_61' title='bbox 1252 1124 1357 1188; x_wconf 84' lang='lat' dir='ltr'><strong>visio-</strong></span> 
     </span>
     <span class='ocr_line' id='line_1_9' title="bbox 186 1227 1357 1313; baseline -0.002 -21"><span class='ocrx_word' id='word_1_62' title='bbox 186 1232 256 1311; x_wconf 90' lang='lat' dir='ltr'><strong>nis,</strong></span> <span class='ocrx_word' id='word_1_63' title='bbox 284 1228 404 1291; x_wconf 74' lang='lat' dir='ltr'><strong>Esaiae</strong></span> <span class='ocrx_word' id='word_1_64' title='bbox 424 1227 549 1309; x_wconf 66' lang='lat' dir='ltr'><strong>XXII„</strong></span> <span class='ocrx_word' id='word_1_65' title='bbox 580 1237 613 1290; x_wconf 89' lang='lat' dir='ltr'><strong>et</strong></span> <span class='ocrx_word' id='word_1_66' title='bbox 633 1229 678 1291; x_wconf 87' lang='lat' dir='ltr'><strong>ibi</strong></span> <span class='ocrx_word' id='word_1_67' title='bbox 699 1228 776 1292; x_wconf 86' lang='lat' dir='ltr'><strong>vide</strong></span> <span class='ocrx_word' id='word_1_68' title='bbox 807 1229 979 1293; x_wconf 89' lang='lat' dir='ltr'><strong>Nicolaum</strong></span> <span class='ocrx_word' id='word_1_69' title='bbox 1008 1229 1049 1292; x_wconf 91' lang='lat' dir='ltr'><strong>de</strong></span> <span class='ocrx_word' id='word_1_70' title='bbox 1069 1231 1172 1313; x_wconf 74' lang='lat' dir='ltr'><strong>hyra,</strong></span> <span class='ocrx_word' id='word_1_71' title='bbox 1204 1227 1357 1310; x_wconf 86' lang='lat' dir='ltr'><strong>Sodoma,</strong></span> 
     </span>
     <span class='ocr_line' id='line_1_10' title="bbox 185 1330 1357 1416; baseline 0 -22"><span class='ocrx_word' id='word_1_72' title='bbox 185 1331 322 1416; x_wconf 84' lang='lat' dir='ltr'><strong>Apocei.</strong></span> <span class='ocrx_word' id='word_1_73' title='bbox 344 1333 404 1413; x_wconf 88' lang='lat'>11.;</span> <span class='ocrx_word' id='word_1_74' title='bbox 422 1330 599 1414; x_wconf 77' lang='lat' dir='ltr'><strong>Aegyptus</strong></span> <span class='ocrx_word' id='word_1_75' title='bbox 619 1335 716 1397; x_wconf 87' lang='lat' dir='ltr'><strong>etiam</strong></span> <span class='ocrx_word' id='word_1_76' title='bbox 739 1336 922 1399; x_wconf 85' lang='lat' dir='ltr'><strong>nominatur</strong></span> <span class='ocrx_word' id='word_1_77' title='bbox 931 1333 1066 1415; x_wconf 81' lang='lat' dir='ltr'><strong>Apoesl.</strong></span> <span class='ocrx_word' id='word_1_78' title='bbox 1088 1336 1146 1416; x_wconf 87' lang='lat'>11.;</span> <span class='ocrx_word' id='word_1_79' title='bbox 1166 1332 1357 1413; x_wconf 82' lang='lat' dir='ltr'><strong>Castellum,</strong></span> 
     </span>
     <span class='ocr_line' id='line_1_11' title="bbox 186 1429 1358 1520; baseline -0.003 -20"><span class='ocrx_word' id='word_1_80' title='bbox 186 1437 346 1501; x_wconf 72' lang='lat' dir='ltr'><strong>Matthaei</strong></span> <span class='ocrx_word' id='word_1_81' title='bbox 366 1435 472 1518; x_wconf 84' lang='lat' dir='ltr'>xx1.;</span> <span class='ocrx_word' id='word_1_82' title='bbox 493 1435 607 1518; x_wconf 83' lang='lat' dir='ltr'><strong>Helia,</strong></span> <span class='ocrx_word' id='word_1_83' title='bbox 629 1439 669 1500; x_wconf 87' lang='lat' dir='ltr'><strong>ab</strong></span> <span class='ocrx_word' id='word_1_84' title='bbox 691 1437 787 1502; x_wconf 90' lang='lat' dir='ltr'><strong>Helio</strong></span> <span class='ocrx_word' id='word_1_85' title='bbox 808 1439 953 1503; x_wconf 78' lang='lat' dir='ltr'><strong>Adriano</strong></span> <span class='ocrx_word' id='word_1_86' title='bbox 976 1441 1186 1520; x_wconf 76' lang='lat' dir='ltr'><strong>Imperatore.</strong></span> <span class='ocrx_word' id='word_1_87' title='bbox 1209 1437 1252 1499; x_wconf 75' lang='lat' dir='ltr'><strong>Et</strong></span> <span class='ocrx_word' id='word_1_88' title='bbox 1273 1429 1358 1498; x_wconf 82' lang='lat' dir='ltr'><strong>Hie-</strong></span> 
     </span>
     <span class='ocr_line' id='line_1_12' title="bbox 188 1527 1360 1634; baseline -0.002 -32"><span class='ocrx_word' id='word_1_89' title='bbox 188 1557 344 1623; x_wconf 88' lang='lat' dir='ltr'><strong>ronymus</strong></span> <span class='ocrx_word' id='word_1_90' title='bbox 377 1541 569 1622; x_wconf 86' lang='lat' dir='ltr'><strong>saepissime</strong></span> <span class='ocrx_word' id='word_1_91' title='bbox 589 1549 623 1603; x_wconf 93' lang='lat' dir='ltr'><strong>et</strong></span> <span class='ocrx_word' id='word_1_92' title='bbox 643 1543 737 1624; x_wconf 88' lang='lat' dir='ltr'><strong>quasi</strong></span> <span class='ocrx_word' id='word_1_93' title='bbox 769 1560 898 1626; x_wconf 78' lang='lat' dir='ltr'><strong>semper</strong></span> <span class='ocrx_word' id='word_1_94' title='bbox 928 1542 1058 1606; x_wconf 78' lang='lat' dir='ltr'><strong>Heliam</strong></span> <span class='ocrx_word' id='word_1_95' title='bbox 1086 1559 1159 1634; x_wconf 78' lang='lat' dir='ltr'><strong>eam</strong></span> <span class='ocrx_word' id='word_1_96' title='bbox 1190 1527 1360 1621; x_wconf 67' lang='lat' dir='ltr'><strong>vocat,&#39;et</strong></span> 
     </span>
     <span class='ocr_line' id='line_1_13' title="bbox 189 1643 1357 1729; baseline -0.002 -23"><span class='ocrx_word' id='word_1_97' title='bbox 189 1645 308 1706; x_wconf 87' lang='lat' dir='ltr'><strong>Graeci</strong></span> <span class='ocrx_word' id='word_1_98' title='bbox 335 1661 406 1705; x_wconf 88' lang='lat' dir='ltr'><strong>eam</strong></span> <span class='ocrx_word' id='word_1_99' title='bbox 434 1645 530 1707; x_wconf 87' lang='lat' dir='ltr'><strong>hodie</strong></span> <span class='ocrx_word' id='word_1_100' title='bbox 560 1645 691 1708; x_wconf 74' lang='lat' dir='ltr'><strong>Batiam</strong></span> <span class='ocrx_word' id='word_1_101' title='bbox 729 1649 893 1709; x_wconf 84' lang='lat' dir='ltr'><strong>nominant</strong></span> <span class='ocrx_word' id='word_1_102' title='bbox 919 1655 953 1710; x_wconf 88' lang='lat' dir='ltr'><strong>et</strong></span> <span class='ocrx_word' id='word_1_103' title='bbox 983 1646 1155 1729; x_wconf 76' lang='lat' dir='ltr'><strong>Capitolia,</strong></span> <span class='ocrx_word' id='word_1_104' title='bbox 1197 1643 1255 1709; x_wconf 85' lang='lat' dir='ltr'><strong>Sic</strong></span> <span class='ocrx_word' id='word_1_105' title='bbox 1286 1660 1357 1704; x_wconf 87' lang='lat' dir='ltr'><strong>eam</strong></span> 
     </span>
     <span class='ocr_line' id='line_1_14' title="bbox 187 1745 1359 1835; baseline -0.003 -23"><span class='ocrx_word' id='word_1_106' title='bbox 187 1750 333 1812; x_wconf 88' lang='lat' dir='ltr'><strong>nominat</strong></span> <span class='ocrx_word' id='word_1_107' title='bbox 364 1748 581 1812; x_wconf 83' lang='lat' dir='ltr'><strong>Ptolomaeus.</strong></span> <span class='ocrx_word' id='word_1_108' title='bbox 625 1749 753 1813; x_wconf 84' lang='lat' dir='ltr'><strong>Dicitur</strong></span> <span class='ocrx_word' id='word_1_109' title='bbox 773 1751 869 1812; x_wconf 90' lang='lat' dir='ltr'><strong>etiam</strong></span> <span class='ocrx_word' id='word_1_110' title='bbox 891 1751 1068 1835; x_wconf 80' lang='lat' dir='ltr'><strong>Aigarina,</strong></span> <span class='ocrx_word' id='word_1_111' title='bbox 1090 1754 1111 1812; x_wconf 89' lang='lat' dir='ltr'><strong>i.</strong></span> <span class='ocrx_word' id='word_1_112' title='bbox 1133 1769 1162 1812; x_wconf 90' lang='lat' dir='ltr'><strong>e.</strong></span> <span class='ocrx_word' id='word_1_113' title='bbox 1185 1765 1279 1813; x_wconf 87' lang='lat' dir='ltr'><strong>mons</strong></span> <span class='ocrx_word' id='word_1_114' title='bbox 1307 1745 1359 1809; x_wconf 89' lang='lat' dir='ltr'><strong>al-</strong></span> 
     </span>
     <span class='ocr_line' id='line_1_15' title="bbox 188 1851 1358 1921; baseline -0.003 -5"><span class='ocrx_word' id='word_1_115' title='bbox 188 1852 335 1921; x_wconf 82' lang='lat' dir='ltr'><strong>tissimus</strong></span> <span class='ocrx_word' id='word_1_116' title='bbox 353 1852 394 1914; x_wconf 87' lang='lat' dir='ltr'><strong>ab</strong></span> <span class='ocrx_word' id='word_1_117' title='bbox 402 1852 554 1916; x_wconf 74' lang='lat' dir='ltr'><strong>Eusebio.</strong></span> <span class='ocrx_word' id='word_1_118' title='bbox 577 1854 709 1916; x_wconf 81' lang='lat' dir='ltr'><strong>Akossa</strong></span> <span class='ocrx_word' id='word_1_119' title='bbox 724 1856 890 1917; x_wconf 87' lang='lat' dir='ltr'><strong>nominant</strong></span> <span class='ocrx_word' id='word_1_120' title='bbox 911 1874 981 1918; x_wconf 86' lang='lat' dir='ltr'><strong>earu</strong></span> <span class='ocrx_word' id='word_1_121' title='bbox 996 1855 1178 1920; x_wconf 88' lang='lat' dir='ltr'><strong>Sarraceni.</strong></span> <span class='ocrx_word' id='word_1_122' title='bbox 1208 1851 1276 1916; x_wconf 81' lang='lat' dir='ltr'><strong>Sed</strong></span> <span class='ocrx_word' id='word_1_123' title='bbox 1296 1868 1358 1913; x_wconf 86' lang='lat' dir='ltr'><strong>nos</strong></span> 
     </span>
     <span class='ocr_line' id='line_1_16' title="bbox 187 1955 1358 2041; baseline -0.005 -19"><span class='ocrx_word' id='word_1_124' title='bbox 187 1958 299 2022; x_wconf 76' lang='lat' dir='ltr'><strong>hutini</strong></span> <span class='ocrx_word' id='word_1_125' title='bbox 320 1956 522 2020; x_wconf 85' lang='lat' dir='ltr'><strong>nominamus</strong></span> <span class='ocrx_word' id='word_1_126' title='bbox 543 1974 613 2019; x_wconf 84' lang='lat' dir='ltr'><strong>earu</strong></span> <span class='ocrx_word' id='word_1_127' title='bbox 636 1957 690 2019; x_wconf 87' lang='lat' dir='ltr'><strong>vel</strong></span> <span class='ocrx_word' id='word_1_128' title='bbox 711 1957 913 2038; x_wconf 75' lang='lat' dir='ltr'><strong>Jerusalem,</strong></span> <span class='ocrx_word' id='word_1_129' title='bbox 940 1958 995 2021; x_wconf 90' lang='lat' dir='ltr'><strong>vel</strong></span> <span class='ocrx_word' id='word_1_130' title='bbox 1016 1957 1271 2041; x_wconf 88' lang='lat' dir='ltr'><strong>Jerosolyrnam,</strong></span> <span class='ocrx_word' id='word_1_131' title='bbox 1302 1955 1358 2018; x_wconf 86' lang='lat' dir='ltr'><strong>vei</strong></span> 
     </span>
     <span class='ocr_line' id='line_1_17' title="bbox 188 2058 1357 2143; baseline -0.003 -19"><span class='ocrx_word' id='word_1_132' title='bbox 188 2063 352 2124; x_wconf 82' lang='lat' dir='ltr'><strong>ciuitatem</strong></span> <span class='ocrx_word' id='word_1_133' title='bbox 380 2067 553 2142; x_wconf 81' lang='lat' dir='ltr'><strong>sanctam,</strong></span> <span class='ocrx_word' id='word_1_134' title='bbox 597 2058 652 2123; x_wconf 87' lang='lat' dir='ltr'><strong>vel</strong></span> <span class='ocrx_word' id='word_1_135' title='bbox 689 2065 748 2124; x_wconf 87' lang='lat' dir='ltr'><strong>toti</strong></span> <span class='ocrx_word' id='word_1_136' title='bbox 781 2063 906 2125; x_wconf 87' lang='lat' dir='ltr'><strong>civitati</strong></span> <span class='ocrx_word' id='word_1_137' title='bbox 941 2079 1057 2125; x_wconf 89' lang='lat' dir='ltr'><strong>nomen</strong></span> <span class='ocrx_word' id='word_1_138' title='bbox 1092 2063 1196 2143; x_wconf 79' lang='lat' dir='ltr'><strong>parite</strong></span> <span class='ocrx_word' id='word_1_139' title='bbox 1231 2058 1357 2140; x_wconf 88' lang='lat' dir='ltr'><strong>damus,</strong></span> 
     </span>
     <span class='ocr_line' id='line_1_18' title="bbox 189 2160 1358 2244; baseline -0.005 -16"><span class='ocrx_word' id='word_1_140' title='bbox 189 2165 337 2228; x_wconf 88' lang='lat' dir='ltr'><strong>dieentes</strong></span> <span class='ocrx_word' id='word_1_141' title='bbox 357 2181 429 2225; x_wconf 85' lang='lat' dir='ltr'><strong>eam</strong></span> <span class='ocrx_word' id='word_1_142' title='bbox 450 2162 658 2244; x_wconf 83' lang='lat' dir='ltr'><strong>sepulchrum</strong></span> <span class='ocrx_word' id='word_1_143' title='bbox 682 2173 841 2227; x_wconf 88' lang='lat' dir='ltr'><strong>sanctum.</strong></span> <span class='ocrx_word' id='word_1_144' title='bbox 885 2167 979 2226; x_wconf 87' lang='lat' dir='ltr'><strong>Haec</strong></span> <span class='ocrx_word' id='word_1_145' title='bbox 1001 2165 1119 2226; x_wconf 85' lang='lat' dir='ltr'><strong>civitas</strong></span> <span class='ocrx_word' id='word_1_146' title='bbox 1139 2182 1269 2244; x_wconf 85' lang='lat' dir='ltr'><strong>semper</strong></span> <span class='ocrx_word' id='word_1_147' title='bbox 1297 2160 1358 2223; x_wconf 80' lang='lat' dir='ltr'><strong>urit</strong></span> 
     </span>
     <span class='ocr_line' id='line_1_19' title="bbox 188 2266 1359 2352; baseline -0.006 -20"><span class='ocrx_word' id='word_1_148' title='bbox 188 2270 294 2332; x_wconf 89' lang='lat' dir='ltr'><strong>minor</strong></span> <span class='ocrx_word' id='word_1_149' title='bbox 318 2267 484 2349; x_wconf 84' lang='lat' dir='ltr'><strong>maximis,</strong></span> <span class='ocrx_word' id='word_1_150' title='bbox 512 2275 546 2331; x_wconf 93' lang='lat' dir='ltr'><strong>et</strong></span> <span class='ocrx_word' id='word_1_151' title='bbox 567 2266 670 2350; x_wconf 85' lang='lat' dir='ltr'><strong>major</strong></span> <span class='ocrx_word' id='word_1_152' title='bbox 696 2267 926 2352; x_wconf 79' lang='lat' dir='ltr'><strong>mediocribus3</strong></span> <span class='ocrx_word' id='word_1_153' title='bbox 956 2276 988 2330; x_wconf 93' lang='lat' dir='ltr'><strong>et</strong></span> <span class='ocrx_word' id='word_1_154' title='bbox 1018 2266 1117 2330; x_wconf 86' lang='lat' dir='ltr'><strong>hodia</strong></span> <span class='ocrx_word' id='word_1_155' title='bbox 1142 2269 1189 2330; x_wconf 86' lang='lat' dir='ltr'><strong>ita</strong></span> <span class='ocrx_word' id='word_1_156' title='bbox 1218 2274 1287 2346; x_wconf 85' lang='lat' dir='ltr'><strong>est,</strong></span> <span class='ocrx_word' id='word_1_157' title='bbox 1323 2271 1359 2326; x_wconf 88' lang='lat' dir='ltr'><strong>ut</strong></span> 
     </span>
     <span class='ocr_line' id='line_1_20' title="bbox 189 2369 1359 2454; baseline -0.006 -18"><span class='ocrx_word' id='word_1_158' title='bbox 189 2390 251 2436; x_wconf 90' lang='lat' dir='ltr'><strong>sua</strong></span> <span class='ocrx_word' id='word_1_159' title='bbox 276 2369 499 2454; x_wconf 76' lang='lat' dir='ltr'><strong>magnitudine</strong></span> <span class='ocrx_word' id='word_1_160' title='bbox 529 2389 594 2433; x_wconf 90' lang='lat' dir='ltr'><strong>non</strong></span> <span class='ocrx_word' id='word_1_161' title='bbox 622 2373 667 2434; x_wconf 87' lang='lat' dir='ltr'><strong>sit</strong></span> <span class='ocrx_word' id='word_1_162' title='bbox 698 2371 884 2454; x_wconf 75' lang='lat' dir='ltr'><strong>fastidiosa,</strong></span> <span class='ocrx_word' id='word_1_163' title='bbox 919 2387 986 2434; x_wconf 88' lang='lat' dir='ltr'><strong>nec</strong></span> <span class='ocrx_word' id='word_1_164' title='bbox 1014 2372 1176 2454; x_wconf 87' lang='lat' dir='ltr'><strong>parvitate</strong></span> <span class='ocrx_word' id='word_1_165' title='bbox 1209 2376 1359 2452; x_wconf 76' lang='lat' dir='ltr'><strong>angusta,</strong></span> 
     </span>
     <span class='ocr_line' id='line_1_21' title="bbox 189 2471 1359 2558; baseline -0.003 -20"><span class='ocrx_word' id='word_1_166' title='bbox 189 2494 255 2538; x_wconf 89' lang='lat' dir='ltr'><strong>non</strong></span> <span class='ocrx_word' id='word_1_167' title='bbox 277 2475 380 2538; x_wconf 90' lang='lat' dir='ltr'><strong>minor</strong></span> <span class='ocrx_word' id='word_1_168' title='bbox 401 2475 558 2556; x_wconf 83' lang='lat' dir='ltr'><strong>existens,</strong></span> <span class='ocrx_word' id='word_1_169' title='bbox 578 2492 675 2556; x_wconf 90' lang='lat' dir='ltr'><strong>qnam</strong></span> <span class='ocrx_word' id='word_1_170' title='bbox 695 2485 808 2538; x_wconf 88' lang='lat' dir='ltr'><strong>nostra</strong></span> <span class='ocrx_word' id='word_1_171' title='bbox 827 2476 1017 2558; x_wconf 73' lang='lat' dir='ltr'><strong>Vindelico,</strong></span> <span class='ocrx_word' id='word_1_172' title='bbox 1039 2492 1124 2558; x_wconf 83' lang='lat' dir='ltr'><strong>quae</strong></span> <span class='ocrx_word' id='word_1_173' title='bbox 1145 2482 1195 2538; x_wconf 91' lang='lat' dir='ltr'><strong>est</strong></span> <span class='ocrx_word' id='word_1_174' title='bbox 1217 2471 1359 2536; x_wconf 87' lang='lat' dir='ltr'><strong>Sueviae</strong></span> 
     </span>
     <span class='ocr_line' id='line_1_22' title="bbox 189 2577 1360 2664; baseline -0.003 -22"><span class='ocrx_word' id='word_1_175' title='bbox 189 2579 343 2661; x_wconf 79' lang='lat' dir='ltr'><strong>Augusta</strong></span> <span class='ocrx_word' id='word_1_176' title='bbox 364 2581 398 2640; x_wconf 91' lang='lat' dir='ltr'><strong>iu</strong></span> <span class='ocrx_word' id='word_1_177' title='bbox 418 2577 556 2641; x_wconf 76' lang='lat' dir='ltr'><strong>Rhoeti·</strong></span> <span class='ocrx_word' id='word_1_178' title='bbox 576 2581 649 2660; x_wconf 90' lang='lat' dir='ltr'><strong>sita,</strong></span> <span class='ocrx_word' id='word_1_179' title='bbox 663 2587 699 2642; x_wconf 89' lang='lat' dir='ltr'><strong>ut</strong></span> <span class='ocrx_word' id='word_1_180' title='bbox 719 2580 849 2663; x_wconf 87' lang='lat' dir='ltr'><strong>qnidam</strong></span> <span class='ocrx_word' id='word_1_181' title='bbox 871 2590 992 2664; x_wconf 87' lang='lat' dir='ltr'><strong>putant.</strong></span> <span class='ocrx_word' id='word_1_182' title='bbox 1015 2580 1067 2643; x_wconf 85' lang='lat' dir='ltr'><strong>De</strong></span> <span class='ocrx_word' id='word_1_183' title='bbox 1086 2579 1148 2644; x_wconf 85' lang='lat' dir='ltr'><strong>hac</strong></span> <span class='ocrx_word' id='word_1_184' title='bbox 1163 2577 1240 2642; x_wconf 84' lang='lat' dir='ltr'><strong>vide</strong></span> <span class='ocrx_word' id='word_1_185' title='bbox 1260 2593 1360 2659; x_wconf 86' lang='lat' dir='ltr'><strong>supra</strong></span> 
     </span>
     <span class='ocr_line' id='line_1_23' title="bbox 192 2681 1359 2763; baseline -0.006 -16"><span class='ocrx_word' id='word_1_186' title='bbox 192 2684 247 2747; x_wconf 74' lang='lat' dir='ltr'><strong>foi</strong></span> <span class='ocrx_word' id='word_1_187' title='bbox 266 2682 348 2747; x_wconf 68' lang='lat' dir='ltr'><strong>&#39;m</strong></span> <span class='ocrx_word' id='word_1_188' title='bbox 371 2683 413 2745; x_wconf 83' lang='grc' dir='ltr'><strong>Α.</strong></span> <span class='ocrx_word' id='word_1_189' title='bbox 455 2685 620 2746; x_wconf 81' lang='lat' dir='ltr'><strong>Mororum</strong></span> <span class='ocrx_word' id='word_1_190' title='bbox 654 2683 807 2747; x_wconf 88' lang='lat' dir='ltr'><strong>ambitum</strong></span> <span class='ocrx_word' id='word_1_191' title='bbox 839 2684 977 2748; x_wconf 86' lang='lat' dir='ltr'><strong>eundem</strong></span> <span class='ocrx_word' id='word_1_192' title='bbox 1010 2700 1097 2747; x_wconf 86' lang='lat' dir='ltr'><strong>nune</strong></span> <span class='ocrx_word' id='word_1_193' title='bbox 1127 2683 1243 2763; x_wconf 87' lang='lat' dir='ltr'><strong>habet,</strong></span> <span class='ocrx_word' id='word_1_194' title='bbox 1272 2681 1359 2742; x_wconf 87' lang='lat' dir='ltr'><strong>sicut</strong></span> 
     </span>
     <span class='ocr_line' id='line_1_24' title="bbox 191 2784 1359 2871; baseline -0.004 -21"><span class='ocrx_word' id='word_1_195' title='bbox 191 2787 319 2869; x_wconf 87' lang='lat' dir='ltr'><strong>reliquit</strong></span> <span class='ocrx_word' id='word_1_196' title='bbox 341 2805 410 2850; x_wconf 84' lang='lat' dir='ltr'><strong>eam</strong></span> <span class='ocrx_word' id='word_1_197' title='bbox 432 2787 548 2850; x_wconf 84' lang='lat' dir='ltr'><strong>Helius</strong></span> <span class='ocrx_word' id='word_1_198' title='bbox 570 2786 733 2849; x_wconf 80' lang='lat' dir='ltr'><strong>Adrianus</strong></span> <span class='ocrx_word' id='word_1_199' title='bbox 753 2789 941 2871; x_wconf 85' lang='lat' dir='ltr'><strong>Imperator,</strong></span> <span class='ocrx_word' id='word_1_200' title='bbox 958 2795 996 2850; x_wconf 96' lang='lat' dir='ltr'><strong>ut</strong></span> <span class='ocrx_word' id='word_1_201' title='bbox 1015 2788 1146 2870; x_wconf 80' lang='lat' dir='ltr'><strong>patebit.</strong></span> <span class='ocrx_word' id='word_1_202' title='bbox 1191 2784 1359 2847; x_wconf 81' lang='lat' dir='ltr'><strong>Ambitum</strong></span> 
     </span>
     <span class='ocr_line' id='line_1_25' title="bbox 190 2888 714 2974; baseline -0.004 -21"><span class='ocrx_word' id='word_1_203' title='bbox 190 2890 264 2974; x_wconf 87' lang='lat' dir='ltr'><strong>ejus</strong></span> <span class='ocrx_word' id='word_1_204' title='bbox 284 2891 362 2954; x_wconf 81' lang='lat' dir='ltr'><strong>uide</strong></span> <span class='ocrx_word' id='word_1_205' title='bbox 383 2908 481 2972; x_wconf 91' lang='lat' dir='ltr'><strong>supra</strong></span> <span class='ocrx_word' id='word_1_206' title='bbox 502 2889 556 2953; x_wconf 81' lang='lat' dir='ltr'><strong>sol.</strong></span> <span class='ocrx_word' id='word_1_207' title='bbox 578 2888 650 2952; x_wconf 72' lang='lat'><strong>225.</strong></span> <span class='ocrx_word' id='word_1_208' title='bbox 673 2889 714 2951; x_wconf 80' lang='lat' dir='ltr'><strong>A.</strong></span> 
     </span>
    </p>

    <p class='ocr_par' dir='ltr' id='par_1_3' title="bbox 191 2988 1364 4422">
     <span class='ocr_line' id='line_1_26' title="bbox 275 2988 1360 3074; baseline -0.008 -16"><span class='ocrx_word' id='word_1_209' title='bbox 275 2995 395 3058; x_wconf 82' lang='lat' dir='ltr'><strong>Portae</strong></span> <span class='ocrx_word' id='word_1_210' title='bbox 423 2993 540 3056; x_wconf 74' lang='lat' dir='ltr'><strong>multoe</strong></span> <span class='ocrx_word' id='word_1_211' title='bbox 561 3002 652 3055; x_wconf 88' lang='lat' dir='ltr'><strong>erant</strong></span> <span class='ocrx_word' id='word_1_212' title='bbox 674 2993 749 3059; x_wconf 86' lang='lat' dir='ltr'><strong>olim</strong></span> <span class='ocrx_word' id='word_1_213' title='bbox 774 2993 850 3056; x_wconf 86' lang='lat' dir='ltr'><strong>huic</strong></span> <span class='ocrx_word' id='word_1_214' title='bbox 871 2993 1013 3074; x_wconf 80' lang='lat' dir='ltr'><strong>civitati,</strong></span> <span class='ocrx_word' id='word_1_215' title='bbox 1042 2999 1116 3055; x_wconf 92' lang='lat' dir='ltr'><strong>octo</strong></span> <span class='ocrx_word' id='word_1_216' title='bbox 1137 2999 1245 3054; x_wconf 89' lang='lat' dir='ltr'><strong>tamen</strong></span> <span class='ocrx_word' id='word_1_217' title='bbox 1266 2988 1360 3072; x_wconf 90' lang='lat' dir='ltr'><strong>prin-</strong></span> 
     </span>
     <span class='ocr_line' id='line_1_27' title="bbox 191 3089 1359 3182; baseline -0.009 -19"><span class='ocrx_word' id='word_1_218' title='bbox 191 3099 315 3182; x_wconf 87' lang='lat' dir='ltr'><strong>cipales</strong></span> <span class='ocrx_word' id='word_1_219' title='bbox 338 3097 440 3161; x_wconf 80' lang='lat' dir='ltr'><strong>fnisse</strong></span> <span class='ocrx_word' id='word_1_220' title='bbox 462 3117 503 3160; x_wconf 88' lang='lat' dir='ltr'><strong>ex</strong></span> <span class='ocrx_word' id='word_1_221' title='bbox 522 3096 693 3179; x_wconf 86' lang='lat' dir='ltr'><strong>scripturis</strong></span> <span class='ocrx_word' id='word_1_222' title='bbox 711 3095 1000 3178; x_wconf 82' lang='lat' dir='ltr'><strong>deprehendimus3</strong></span> <span class='ocrx_word' id='word_1_223' title='bbox 1023 3105 1055 3160; x_wconf 89' lang='lat' dir='ltr'><strong>et</strong></span> <span class='ocrx_word' id='word_1_224' title='bbox 1076 3095 1105 3159; x_wconf 90' lang='lat' dir='ltr'><strong>si</strong></span> <span class='ocrx_word' id='word_1_225' title='bbox 1122 3093 1233 3177; x_wconf 73' lang='lat' dir='ltr'><strong>plures</strong></span> <span class='ocrx_word' id='word_1_226' title='bbox 1255 3089 1359 3156; x_wconf 84' lang='lat' dir='ltr'><strong>suisse&#39;</strong></span> 
     </span>
     <span class='ocr_line' id='line_1_28' title="bbox 192 3195 1359 3286; baseline -0.008 -20"><span class='ocrx_word' id='word_1_227' title='bbox 192 3203 361 3286; x_wconf 81' lang='lat' dir='ltr'><strong>legantur,</strong></span> <span class='ocrx_word' id='word_1_228' title='bbox 381 3201 444 3264; x_wconf 87' lang='lat' dir='ltr'><strong>hnc</strong></span> <span class='ocrx_word' id='word_1_229' title='bbox 463 3209 515 3265; x_wconf 84' lang='lat' dir='ltr'><strong>est</strong></span> <span class='ocrx_word' id='word_1_230' title='bbox 532 3201 623 3283; x_wconf 86' lang='lat' dir='ltr'><strong>ideo,</strong></span> <span class='ocrx_word' id='word_1_231' title='bbox 645 3201 722 3284; x_wconf 87' lang='lat' dir='ltr'><strong>qnia</strong></span> <span class='ocrx_word' id='word_1_232' title='bbox 748 3217 814 3262; x_wconf 88' lang='lat' dir='ltr'><strong>nna</strong></span> <span class='ocrx_word' id='word_1_233' title='bbox 835 3209 868 3262; x_wconf 93' lang='lat' dir='ltr'><strong>et</strong></span> <span class='ocrx_word' id='word_1_234' title='bbox 890 3199 1001 3263; x_wconf 86' lang='lat' dir='ltr'><strong>eadem</strong></span> <span class='ocrx_word' id='word_1_235' title='bbox 1023 3210 1115 3282; x_wconf 88' lang='lat' dir='ltr'><strong>porta</strong></span> <span class='ocrx_word' id='word_1_236' title='bbox 1135 3198 1228 3282; x_wconf 87' lang='lat' dir='ltr'><strong>plura</strong></span> <span class='ocrx_word' id='word_1_237' title='bbox 1245 3195 1359 3260; x_wconf 85' lang='lat' dir='ltr'><strong>habuit</strong></span> 
     </span>
     <span class='ocr_line' id='line_1_29' title="bbox 192 3289 1359 3388; baseline -0.007 -18"><span class='ocrx_word' id='word_1_238' title='bbox 192 3308 337 3388; x_wconf 80' lang='lat' dir='ltr'><strong>nomiua3</strong></span> <span class='ocrx_word' id='word_1_239' title='bbox 358 3305 413 3368; x_wconf 85' lang='lat' dir='ltr'><strong>vel</strong></span> <span class='ocrx_word' id='word_1_240' title='bbox 434 3313 562 3386; x_wconf 86' lang='lat' dir='ltr'><strong>praeter</strong></span> <span class='ocrx_word' id='word_1_241' title='bbox 588 3313 699 3387; x_wconf 89' lang='lat' dir='ltr'><strong>portas</strong></span> <span class='ocrx_word' id='word_1_242' title='bbox 721 3289 850 3367; x_wconf 68' lang='lat' dir='ltr'><strong>iueruu&#39;t</strong></span> <span class='ocrx_word' id='word_1_243' title='bbox 879 3303 944 3367; x_wconf 90' lang='lat' dir='ltr'><strong>alia</strong></span> <span class='ocrx_word' id='word_1_244' title='bbox 979 3303 1115 3384; x_wconf 78' lang='lat' dir='ltr'><strong>ostiola,</strong></span> <span class='ocrx_word' id='word_1_245' title='bbox 1145 3319 1281 3385; x_wconf 89' lang='lat' dir='ltr'><strong>quornm</strong></span> <span class='ocrx_word' id='word_1_246' title='bbox 1302 3299 1359 3362; x_wconf 83' lang='lat' dir='ltr'><strong>iila</strong></span> 
     </span>
     <span class='ocr_line' id='line_1_30' title="bbox 193 3405 1364 3491; baseline -0.003 -18"><span class='ocrx_word' id='word_1_247' title='bbox 193 3411 323 3473; x_wconf 86' lang='lat' dir='ltr'><strong>inerunt</strong></span> <span class='ocrx_word' id='word_1_248' title='bbox 356 3409 494 3472; x_wconf 87' lang='lat' dir='ltr'><strong>nomina</strong></span> <span class='ocrx_word' id='word_1_249' title='bbox 533 3408 635 3471; x_wconf 83' lang='lat' dir='ltr'><strong>Porro</strong></span> <span class='ocrx_word' id='word_1_250' title='bbox 674 3406 826 3472; x_wconf 88' lang='lat' dir='ltr'><strong>moderno</strong></span> <span class='ocrx_word' id='word_1_251' title='bbox 857 3416 1002 3491; x_wconf 88' lang='lat' dir='ltr'><strong>tempore</strong></span> <span class='ocrx_word' id='word_1_252' title='bbox 1028 3425 1094 3472; x_wconf 89' lang='lat' dir='ltr'><strong>non</strong></span> <span class='ocrx_word' id='word_1_253' title='bbox 1121 3407 1185 3469; x_wconf 90' lang='lat' dir='ltr'><strong>nisi</strong></span> <span class='ocrx_word' id='word_1_254' title='bbox 1216 3405 1364 3488; x_wconf 87' lang='lat' dir='ltr'><strong>quinque</strong></span> 
     </span>
     <span class='ocr_line' id='line_1_31' title="bbox 192 3509 1359 3597; baseline -0.005 -21"><span class='ocrx_word' id='word_1_255' title='bbox 192 3521 304 3597; x_wconf 89' lang='lat' dir='ltr'><strong>portas</strong></span> <span class='ocrx_word' id='word_1_256' title='bbox 324 3513 413 3595; x_wconf 88' lang='lat' dir='ltr'><strong>potui</strong></span> <span class='ocrx_word' id='word_1_257' title='bbox 434 3513 593 3574; x_wconf 84' lang='lat' dir='ltr'><strong>invenire.</strong></span> <span class='ocrx_word' id='word_1_258' title='bbox 624 3509 746 3574; x_wconf 84' lang='lat' dir='ltr'><strong>Contra</strong></span> <span class='ocrx_word' id='word_1_259' title='bbox 770 3512 924 3574; x_wconf 86' lang='lat' dir='ltr'><strong>orientem</strong></span> <span class='ocrx_word' id='word_1_260' title='bbox 952 3512 1049 3575; x_wconf 88' lang='lat' dir='ltr'><strong>habet</strong></span> <span class='ocrx_word' id='word_1_261' title='bbox 1068 3518 1195 3594; x_wconf 86' lang='lat' dir='ltr'><strong>portam</strong></span> <span class='ocrx_word' id='word_1_262' title='bbox 1216 3525 1359 3590; x_wconf 80' lang='lat' dir='ltr'><strong>auream,</strong></span> 
     </span>
     <span class='ocr_line' id='line_1_32' title="bbox 192 3611 1358 3699; baseline -0.005 -21"><span class='ocrx_word' id='word_1_263' title='bbox 192 3634 277 3699; x_wconf 87' lang='lat' dir='ltr'><strong>quae</strong></span> <span class='ocrx_word' id='word_1_264' title='bbox 298 3615 363 3678; x_wconf 86' lang='lat' dir='ltr'><strong>iam</strong></span> <span class='ocrx_word' id='word_1_265' title='bbox 383 3615 547 3678; x_wconf 75' lang='lat' dir='ltr'><strong>obstruet·</strong></span> <span class='ocrx_word' id='word_1_266' title='bbox 568 3621 635 3695; x_wconf 88' lang='lat' dir='ltr'><strong>est,</strong></span> <span class='ocrx_word' id='word_1_267' title='bbox 658 3612 700 3677; x_wconf 93' lang='lat' dir='ltr'><strong>de</strong></span> <span class='ocrx_word' id='word_1_268' title='bbox 719 3631 786 3696; x_wconf 86' lang='lat' dir='ltr'><strong>qna</strong></span> <span class='ocrx_word' id='word_1_269' title='bbox 806 3613 883 3676; x_wconf 88' lang='lat' dir='ltr'><strong>vide</strong></span> <span class='ocrx_word' id='word_1_270' title='bbox 904 3631 1003 3696; x_wconf 85' lang='lat' dir='ltr'><strong>snpra</strong></span> <span class='ocrx_word' id='word_1_271' title='bbox 1023 3613 1077 3677; x_wconf 82' lang='lat' dir='ltr'><strong>iol.</strong></span> <span class='ocrx_word' id='word_1_272' title='bbox 1102 3613 1172 3677; x_wconf 76' lang='lat' dir='ltr'><strong>tit.</strong></span> <span class='ocrx_word' id='word_1_273' title='bbox 1193 3611 1237 3674; x_wconf 82' lang='lat' dir='ltr'><strong>A.</strong></span> <span class='ocrx_word' id='word_1_274' title='bbox 1268 3611 1358 3674; x_wconf 81' lang='lat' dir='ltr'><strong>inter</strong></span> 
     </span>
     <span class='ocr_line' id='line_1_33' title="bbox 192 3715 1358 3799; baseline -0.003 -17"><span class='ocrx_word' id='word_1_275' title='bbox 192 3720 349 3782; x_wconf 86' lang='lat' dir='ltr'><strong>orientem</strong></span> <span class='ocrx_word' id='word_1_276' title='bbox 371 3727 402 3781; x_wconf 89' lang='lat' dir='ltr'><strong>et</strong></span> <span class='ocrx_word' id='word_1_277' title='bbox 424 3726 569 3781; x_wconf 87' lang='lat' dir='ltr'><strong>austrum</strong></span> <span class='ocrx_word' id='word_1_278' title='bbox 589 3716 687 3780; x_wconf 84' lang='lat' dir='ltr'><strong>habet</strong></span> <span class='ocrx_word' id='word_1_279' title='bbox 718 3725 842 3798; x_wconf 86' lang='lat' dir='ltr'><strong>portam</strong></span> <span class='ocrx_word' id='word_1_280' title='bbox 868 3715 1076 3799; x_wconf 86' lang='lat' dir='ltr'><strong>sterquilinii,</strong></span> <span class='ocrx_word' id='word_1_281' title='bbox 1101 3715 1143 3778; x_wconf 92' lang='lat' dir='ltr'><strong>de</strong></span> <span class='ocrx_word' id='word_1_282' title='bbox 1162 3733 1228 3799; x_wconf 89' lang='lat' dir='ltr'><strong>qna</strong></span> <span class='ocrx_word' id='word_1_283' title='bbox 1257 3730 1358 3797; x_wconf 88' lang='lat' dir='ltr'><strong>supra</strong></span> 
     </span>
     <span class='ocr_line' id='line_1_34' title="bbox 193 3811 1359 3904; baseline -0.003 -20"><span class='ocrx_word' id='word_1_284' title='bbox 193 3811 343 3885; x_wconf 69' lang='lat' dir='ltr'><strong>iol-&#39;m</strong></span> <span class='ocrx_word' id='word_1_285' title='bbox 366 3821 407 3882; x_wconf 79' lang='lat' dir='ltr'><strong>A.</strong></span> <span class='ocrx_word' id='word_1_286' title='bbox 450 3819 504 3883; x_wconf 86' lang='lat' dir='ltr'><strong>Ad</strong></span> <span class='ocrx_word' id='word_1_287' title='bbox 525 3825 671 3884; x_wconf 88' lang='lat' dir='ltr'><strong>anstrum</strong></span> <span class='ocrx_word' id='word_1_288' title='bbox 692 3821 789 3886; x_wconf 87' lang='lat' dir='ltr'><strong>habet</strong></span> <span class='ocrx_word' id='word_1_289' title='bbox 818 3829 942 3904; x_wconf 90' lang='lat' dir='ltr'><strong>portam</strong></span> <span class='ocrx_word' id='word_1_290' title='bbox 963 3820 1077 3901; x_wconf 82' lang='lat' dir='ltr'><strong>fontis,</strong></span> <span class='ocrx_word' id='word_1_291' title='bbox 1104 3836 1164 3902; x_wconf 86' lang='lat' dir='ltr'><strong>per</strong></span> <span class='ocrx_word' id='word_1_292' title='bbox 1187 3836 1282 3902; x_wconf 88' lang='lat' dir='ltr'><strong>qnam</strong></span> <span class='ocrx_word' id='word_1_293' title='bbox 1305 3825 1359 3881; x_wconf 83' lang='lat' dir='ltr'><strong>est</strong></span> 
     </span>
     <span class='ocr_line' id='line_1_35' title="bbox 193 3921 1358 4005; baseline -0.002 -18"><span class='ocrx_word' id='word_1_294' title='bbox 193 3923 374 3988; x_wconf 84' lang='lat' dir='ltr'><strong>descensus</strong></span> <span class='ocrx_word' id='word_1_295' title='bbox 402 3923 445 3986; x_wconf 88' lang='lat' dir='ltr'><strong>ad</strong></span> <span class='ocrx_word' id='word_1_296' title='bbox 476 3923 597 3986; x_wconf 85' lang='lat' dir='ltr'><strong>iontem</strong></span> <span class='ocrx_word' id='word_1_297' title='bbox 619 3922 729 4004; x_wconf 87' lang='lat' dir='ltr'><strong>Syloe.</strong></span> <span class='ocrx_word' id='word_1_298' title='bbox 777 3923 831 3986; x_wconf 81' lang='lat' dir='ltr'><strong>Ad</strong></span> <span class='ocrx_word' id='word_1_299' title='bbox 866 3921 1064 3987; x_wconf 88' lang='lat' dir='ltr'><strong>occidentem</strong></span> <span class='ocrx_word' id='word_1_300' title='bbox 1101 3923 1197 3986; x_wconf 78' lang='lat' dir='ltr'><strong>habet</strong></span> <span class='ocrx_word' id='word_1_301' title='bbox 1231 3929 1358 4005; x_wconf 83' lang='lat' dir='ltr'><strong>portam</strong></span> 
     </span>
     <span class='ocr_line' id='line_1_36' title="bbox 191 4025 1359 4111; baseline -0.002 -21"><span class='ocrx_word' id='word_1_302' title='bbox 191 4028 438 4111; x_wconf 75' lang='lat' dir='ltr'><strong>negotiatorum,</strong></span> <span class='ocrx_word' id='word_1_303' title='bbox 459 4027 514 4090; x_wconf 85' lang='lat' dir='ltr'><strong>vel</strong></span> <span class='ocrx_word' id='word_1_304' title='bbox 534 4025 682 4110; x_wconf 84' lang='lat' dir='ltr'><strong>piscium,</strong></span> <span class='ocrx_word' id='word_1_305' title='bbox 702 4025 744 4089; x_wconf 90' lang='lat' dir='ltr'><strong>de</strong></span> <span class='ocrx_word' id='word_1_306' title='bbox 764 4044 829 4109; x_wconf 89' lang='lat' dir='ltr'><strong>qua</strong></span> <span class='ocrx_word' id='word_1_307' title='bbox 849 4043 948 4108; x_wconf 87' lang='lat' dir='ltr'><strong>supra</strong></span> <span class='ocrx_word' id='word_1_308' title='bbox 972 4026 1027 4090; x_wconf 81' lang='lat' dir='ltr'><strong>iol.</strong></span> <span class='ocrx_word' id='word_1_309' title='bbox 1046 4027 1098 4090; x_wconf 76' lang='lat'><strong>92.</strong></span> <span class='ocrx_word' id='word_1_310' title='bbox 1121 4029 1159 4089; x_wconf 87' lang='lat' dir='ltr'><strong>B.</strong></span> <span class='ocrx_word' id='word_1_311' title='bbox 1189 4025 1242 4089; x_wconf 81' lang='lat' dir='ltr'><strong>Ad</strong></span> <span class='ocrx_word' id='word_1_312' title='bbox 1263 4026 1359 4109; x_wconf 88' lang='lat' dir='ltr'><strong>aqui-</strong></span> 
     </span>
     <span class='ocr_line' id='line_1_37' title="bbox 193 4127 1358 4213; baseline -0.001 -23"><span class='ocrx_word' id='word_1_313' title='bbox 193 4127 298 4194; x_wconf 82' lang='lat' dir='ltr'><strong>lonem</strong></span> <span class='ocrx_word' id='word_1_314' title='bbox 319 4137 371 4192; x_wconf 87' lang='lat' dir='ltr'><strong>est</strong></span> <span class='ocrx_word' id='word_1_315' title='bbox 391 4129 634 4211; x_wconf 79' lang='lat' dir='ltr'><strong>portaldd&#39;raim,</strong></span> <span class='ocrx_word' id='word_1_316' title='bbox 653 4147 737 4212; x_wconf 86' lang='lat' dir='ltr'><strong>qnae</strong></span> <span class='ocrx_word' id='word_1_317' title='bbox 757 4128 873 4192; x_wconf 88' lang='lat' dir='ltr'><strong>dicitnr</strong></span> <span class='ocrx_word' id='word_1_318' title='bbox 894 4137 987 4212; x_wconf 90' lang='lat' dir='ltr'><strong>porta</strong></span> <span class='ocrx_word' id='word_1_319' title='bbox 1007 4133 1112 4194; x_wconf 80' lang='lat' dir='ltr'><strong>sancd</strong></span> <span class='ocrx_word' id='word_1_320' title='bbox 1134 4129 1304 4213; x_wconf 86' lang='lat' dir='ltr'><strong>Stephani,</strong></span> <span class='ocrx_word' id='word_1_321' title='bbox 1325 4137 1358 4190; x_wconf 90' lang='lat' dir='ltr'><strong>et</strong></span> 
     </span>
     <span class='ocr_line' id='line_1_38' title="bbox 192 4231 1358 4318; baseline -0.002 -23"><span class='ocrx_word' id='word_1_322' title='bbox 192 4239 245 4295; x_wconf 88' lang='lat' dir='ltr'><strong>est</strong></span> <span class='ocrx_word' id='word_1_323' title='bbox 265 4231 396 4316; x_wconf 71' lang='lat' dir='ltr'><strong>longum</strong></span> <span class='ocrx_word' id='word_1_324' title='bbox 425 4234 562 4317; x_wconf 85' lang='lat' dir='ltr'><strong>spatium</strong></span> <span class='ocrx_word' id='word_1_325' title='bbox 585 4251 605 4295; x_wconf 89' lang='lat' dir='ltr'><strong>a</strong></span> <span class='ocrx_word' id='word_1_326' title='bbox 625 4243 717 4316; x_wconf 87' lang='lat' dir='ltr'><strong>porta</strong></span> <span class='ocrx_word' id='word_1_327' title='bbox 734 4235 872 4316; x_wconf 88' lang='lat' dir='ltr'><strong>piscium</strong></span> <span class='ocrx_word' id='word_1_328' title='bbox 892 4251 997 4317; x_wconf 82' lang='lat' dir='ltr'><strong>nsque</strong></span> <span class='ocrx_word' id='word_1_329' title='bbox 1015 4232 1055 4296; x_wconf 80' lang='lat' dir='ltr'><strong>sd</strong></span> <span class='ocrx_word' id='word_1_330' title='bbox 1077 4243 1203 4318; x_wconf 88' lang='lat' dir='ltr'><strong>portam</strong></span> <span class='ocrx_word' id='word_1_331' title='bbox 1223 4232 1259 4296; x_wconf 84' lang='lat' dir='ltr'><strong>S.</strong></span> <span class='ocrx_word' id='word_1_332' title='bbox 1279 4231 1358 4295; x_wconf 80' lang='lat' dir='ltr'><strong>Ste-</strong></span> 
     </span>
     <span class='ocr_line' id='line_1_39' title="bbox 192 4335 1358 4422; baseline -0.005 -21"><span class='ocrx_word' id='word_1_333' title='bbox 192 4335 309 4419; x_wconf 79' lang='lat' dir='ltr'><strong>phani,</strong></span> <span class='ocrx_word' id='word_1_334' title='bbox 340 4337 419 4420; x_wconf 80' lang='lat' dir='ltr'><strong>qnia</strong></span> <span class='ocrx_word' id='word_1_335' title='bbox 445 4345 537 4422; x_wconf 87' lang='lat' dir='ltr'><strong>perta</strong></span> <span class='ocrx_word' id='word_1_336' title='bbox 567 4336 704 4419; x_wconf 81' lang='lat' dir='ltr'><strong>piscium</strong></span> <span class='ocrx_word' id='word_1_337' title='bbox 732 4345 797 4402; x_wconf 83' lang='lat' dir='ltr'><strong>stat</strong></span> <span class='ocrx_word' id='word_1_338' title='bbox 826 4356 927 4421; x_wconf 90' lang='lat' dir='ltr'><strong>prope</strong></span> <span class='ocrx_word' id='word_1_339' title='bbox 956 4337 1125 4421; x_wconf 74' lang='lat' dir='ltr'><strong>angelum,</strong></span> <span class='ocrx_word' id='word_1_340' title='bbox 1164 4337 1220 4400; x_wconf 81' lang='lat' dir='ltr'><strong>aut</strong></span> <span class='ocrx_word' id='word_1_341' title='bbox 1248 4349 1358 4400; x_wconf 77' lang='lat' dir='ltr'><strong>murus</strong></span> 
     </span>
    </p>
   </div>
   <div class='ocr_carea' id='block_1_3' title="bbox 0 0 1625 5218">
    <p class='ocr_par' dir='ltr' id='par_1_4' title="bbox 0 0 1625 5218">
     <span class='ocr_line' id='line_1_40' title="bbox 0 0 1625 5218; baseline 0 0"><span class='ocrx_word' id='word_1_342' title='bbox 0 0 1625 5218; x_wconf 95' lang='lat' dir='ltr'><strong> </strong></span> 
     </span>
    </p>
   </div>
  </div>
 </body>
</html>
