3202 5218
834 299 900 364 ute

280 483 492 566 odoriferum,
505 480 602 546 circa
628 477 716 564 quad
743 477 818 544 illos
835 475 995 544 detentos
1026 477 1132 544 illudit
1165 487 1201 551 et
1234 477 1382 544 eredens
1415 477 1466 544 sd

281 591 401 652 tutiora
429 586 522 668 fugit.
565 586 616 648 lix
643 601 767 667 ooegro
797 591 829 644 et
852 598 936 665 eque
957 591 1053 647 uatus
1074 586 1112 648 lit
1132 584 1238 648 molus
1261 585 1382 664 velox,
1398 583 1464 646 sed

280 691 424 757 volocior
444 707 486 754 ex
510 705 631 770 ousgro
653 695 686 750 ot
707 688 800 750 asino
825 695 859 748 et
879 694 955 748 aunt
972 687 1049 758 muli
1069 688 1310 770 pretiosissimi,
1327 689 1359 750 in
1382 689 1466 769 qui-

280 798 343 861 bus
364 794 526 878 principes
540 801 574 853 et
595 799 765 873 magnates
778 789 950 852 vehuntur.
979 792 1084 874 igitur
1098 793 1186 855 circa
1207 792 1288 856 solis
1304 809 1465 858 occasum

281 901 315 963 iu
337 906 509 962 torrentem
540 894 662 958 uitium
681 903 714 956 et
746 892 909 956 desertum
930 894 1098 976 venimus,
1127 915 1221 978 quem
1251 897 1467 960 nombrobaut

282 1005 412 1067 Arabes
433 1000 569 1084 lllpbot,
595 1000 629 1064 iu
664 1016 728 1082 quo
749 998 902 1061 oneribus
933 996 1073 1078 abjectis
1106 1002 1244 1065 tentorio
1264 1001 1394 1066 urinas
1426 1009 1467 1062 et

280 1106 551 1192 pernoctavimus.
591 1102 691 1167 Porro
714 1111 805 1164 touta
836 1109 906 1165 erat
934 1102 977 1164 ihi
1000 1104 1140 1164 vastitas
1160 1112 1193 1166 et
1213 1105 1357 1188 ariditas,
1371 1105 1466 1189 quod

282 1209 543 1294 desperavimus,
574 1223 635 1270 nos
657 1224 758 1289 posse
786 1203 928 1286 reperire
959 1207 1123 1268 materiam
1154 1225 1214 1292 pro
1232 1192 1327 1293 igne,
1348 1218 1466 1274 tamen

281 1315 465 1380 invenimus
490 1321 626 1394 tautum,
647 1310 733 1394 quod
754 1327 872 1394 aquarn
894 1307 980 1372 ottae
1005 1309 1226 1380 calefecimus.

368 1419 536 1483 Vicesima
551 1431 638 1479 uoue
655 1415 717 1498 die,
742 1433 827 1498 quae
847 1423 898 1478 est
920 1416 1039 1478 festum
1058 1415 1244 1499 Michaelis,
1257 1426 1332 1480 ante
1354 1416 1466 1478 lucere

282 1521 484 1588 surreximus
503 1527 536 1581 et
558 1526 796 1600 perterrentes
818 1516 978 1600 desertos,
1002 1537 1061 1602 per
1082 1536 1165 1602 quos
1185 1521 1326 1602 ingressi
1348 1519 1466 1582 iuera-

282 1643 368 1709 mus,
385 1623 546 1686 exivimus
561 1625 591 1684 ei
613 1620 791 1686 taediosam
807 1631 840 1684 et
861 1622 1053 1686 laboriosam
1075 1622 1160 1686 diem
1181 1623 1362 1704 hobuimus,
1380 1624 1467 1706 truie

284 1748 343 1814 per
356 1726 551 1812 rigidissime
572 1726 654 1807 loce,
664 1743 729 1789 non
751 1724 879 1809 quidem
893 1744 1041 1810 metrosa,
1055 1727 1141 1810 quod
1155 1728 1320 1792 tolerabile
1334 1727 1469 1809 inisset,

283 1833 343 1898 sed
363 1832 548 1918 pulveross,
562 1829 626 1893 imo
649 1830 798 1894 cineroso
819 1840 888 1894 tots
909 1829 963 1894 dia
983 1831 1227 1914 proficiscentes
1253 1831 1377 1918 pande
1399 1832 1467 1895 iter

288 1939 425 2002 lecimus
446 1955 505 2019 per
525 1935 680 2019 pulveres
701 1942 736 1997 ot
757 1937 894 2000 cineres
924 1936 1122 2000 Mirobamor
1142 1923 1206 2001 non
1227 1953 1350 2019 perum,
1372 1934 1467 2020 orode

285 2042 455 2127 pulverum
486 2047 519 2102 et
539 2041 684 2104 cinerum
715 2050 780 2108 tam
812 2041 970 2104 immensa
989 2042 1082 2126 copie
1110 2061 1170 2126 per
1188 2050 1289 2105 tctsm
1313 2040 1468 2124 disperse

287 2147 463 2230 regionem,
484 2146 539 2206 ubi
561 2163 624 2208 non
642 2152 720 2208 suut
749 2144 964 2207 habitationes
991 2146 1172 2228 hominum,
1193 2164 1256 2209 nec
1276 2147 1382 2229 iguis,
1400 2163 1467 2208 nec

287 2251 421 2314 materia
432 2243 691 2312 combustibilis?
712 2245 767 2310 Ad
775 2245 837 2310 hoc
854 2248 1045 2313 catholicum
1061 2252 1247 2334 accepimus
1269 2267 1467 2332 responsum

289 2355 371 2418 tale:
390 2355 442 2416 Dx
459 2372 524 2436 quo
545 2351 703 2416 Dominus
725 2353 866 2416 omnium
894 2358 1051 2418 terrarum
1073 2355 1316 2418 maledictiones
1334 2352 1467 2416 induxit

288 2459 485 2542 superbunc
505 2465 670 2539 petraeum
692 2455 865 2538 desertum,
880 2457 975 2520 etiam
998 2459 1131 2522 hancei
1150 2460 1285 2522 immisit
1305 2456 1469 2520 maledic-

290 2564 420 2644 tionem,
441 2569 478 2621 ut
499 2560 540 2624 de
561 2559 652 2623 coelo
680 2578 743 2623 uec
770 2561 915 2643 pluviam
937 2577 1058 2646 aquae,
1081 2580 1142 2625 uec
1169 2563 1272 2642 nivis,
1296 2579 1358 2623 uec
1377 2561 1467 2623 roris

289 2667 432 2747 haberet,
453 2663 512 2727 sed
532 2663 676 2747 pluviam
697 2663 842 2746 pulveris
863 2673 894 2727 et
917 2667 1046 2748 cineris,
1071 2684 1167 2750 quem
1188 2667 1336 2728 nimirum
1358 2665 1469 2726 mele-

290 2771 460 2834 dictionem
493 2778 598 2833 terrae
627 2775 761 2832 sauctae
788 2770 929 2832 minutus
960 2779 1011 2832 est
1042 2769 1189 2832 similiter
1223 2776 1412 2846 venturam,
1431 2769 1468 2830 si

290 2875 364 2958 ejus
394 2874 594 2938 habitatores
623 2871 784 2935 mundetis
812 2871 884 2953 ejus
911 2874 1115 2936 contrairent.
1157 2871 1251 2936 Unde
1272 2872 1349 2935 dicit
1369 2872 1468 2934 Deu-

290 2992 350 3046 ter.
372 2979 444 3047 tte:
466 2977 531 3042 Det
550 2976 708 3039 Dominus
729 2975 863 3040 imbrem
885 2984 989 3039 terroe
1012 2985 1088 3039 tuse
1108 2977 1273 3059 pulverem
1296 2975 1338 3038 do
1359 2975 1467 3056 coelo,

290 3081 468 3146 descendat
496 3099 614 3164 ,super
663 3090 697 3144 to
737 3082 836 3163 cinis,
879 3080 983 3142 donoc
1033 3081 1219 3144 conteraris.
1282 3077 1340 3142 Sic
1383 3079 1467 3142 fecit

287 3183 447 3248 Dominus
468 3192 574 3247 terrae
594 3185 751 3268 Aegypti,
777 3183 905 3266 quaudo
926 3185 1063 3267 Moyses
1085 3193 1119 3246 et
1139 3184 1250 3248 Aaron
1272 3182 1315 3246 ad
1332 3184 1467 3266 jussum

290 3286 362 3367 ejus
384 3289 528 3368 acceptis
549 3288 711 3350 cineribus
741 3286 783 3348 do
804 3288 930 3350 camino
953 3289 987 3349 in
1013 3307 1120 3351 serem
1141 3297 1348 3370 sparserunt,
1377 3287 1469 3350 uude

288 3397 357 3452 tota
376 3389 566 3470 superficies
587 3397 694 3452 terreo
707 3389 855 3472 Aegypti
875 3390 933 3452 tuit
956 3399 1108 3474 cooperta
1133 3392 1243 3454 cinere
1259 3401 1293 3455 et
1315 3391 1466 3475 pulvere,

290 3501 425 3574 eratque
445 3491 527 3554 cinis
548 3501 614 3555 tam
636 3493 669 3554 in
687 3491 844 3573 jumentis
875 3510 971 3574 quem
1001 3497 1034 3556 in
1058 3497 1252 3577 hominibus,
1273 3513 1330 3558 eos
1351 3513 1469 3558 corro-

43 3607 44 3610 ’
153 3659 155 3664 ,
291 3594 374 3659 deus
389 3613 494 3678 usqne
519 3593 559 3658 sd
592 3595 832 3680 ulcerationem,
854 3606 890 3659 ut
919 3597 1055 3662 habetur
1071 3598 1179 3663 Exodi
1199 3599 1256 3662 tx.
1298 3597 1468 3680 Suspicsti

290 3719 369 3784 ergo
388 3719 512 3783 sumus,
535 3701 620 3764 hanc
640 3700 761 3764 deserti
793 3709 917 3784 purtem
939 3703 1036 3765 etiam
1067 3703 1112 3764 ihi
1143 3719 1332 3784 percussam
1352 3701 1465 3785 plage,

290 3813 324 3866 et
340 3807 514 3886 timuimus,
532 3825 575 3868 ne
597 3806 680 3870 torte
701 3814 734 3869 et
763 3824 824 3870 noe
845 3807 954 3870 ulcera
975 3805 1256 3888 contraherem,
1283 3807 1371 3868 sicut
1389 3803 1468 3868 Ae-

288 3909 408 3990 gyptii,
440 3907 500 3971 sed
530 3909 704 3975 custodivit
725 3927 786 3974 noe
816 3910 976 3975 Dominus
1008 3911 1155 3992 integros
1180 3911 1217 3971 ln
1246 3911 1380 3993 regione
1412 3910 1468 3972 ci-

289 4027 416 4076 ueross.

370 4112 472 4178 Porro
492 4113 525 4176 iu
547 4115 665 4180 vallem
689 4114 849 4200 quandam
871 4118 1033 4200 uenimus,
1051 4119 1086 4181 in
1108 4135 1173 4202 qua
1191 4118 1369 4202 reperimus
1389 4115 1467 4182 ido·

288 4217 353 4282 lum
377 4218 411 4280 in
432 4217 535 4282 forme
554 4221 646 4304 pueri
667 4220 837 4303 Aethiopis
865 4221 898 4282 iu
920 4238 1067 4284 caveres
1086 4231 1198 4304 petrae
1225 4231 1382 4303 stantem,
1409 4224 1468 4286 oui

288 4321 416 4387 Arabes
447 4323 605 4388 interdum
636 4344 695 4408 pro
727 4333 873 4408 ternpore
905 4325 1086 4391 oblationes
1115 4325 1273 4406 ohemnt3
1301 4323 1468 4393 vidissent
