3232 5218
161 451 308 534 protinus
329 448 363 512 in
385 446 526 512 ecclesia
553 445 703 511 dominici
725 447 887 529 sepulchri
910 456 942 513 et
958 449 1215 550 templollomtni
1233 469 1335 520 cano-

161 555 254 618 nicos
289 553 429 616 institnit
464 553 631 651 regulares
669 551 782 634 eisque
810 553 917 637 ampla
956 541 1112 637 beneficia
1141 559 1334 642 assignavit.

160 658 352 722 Adduxerat
375 657 473 730 etiam
507 674 619 720 secum
641 659 693 718 vir
712 657 784 719 Deo
805 659 952 722 amabilis
982 662 1159 753 monachos
1187 663 1334 752 discipli-

160 746 259 828 natos
288 741 330 824 de
358 739 529 845 claustris,
558 763 614 844 qni
644 770 710 825 toto
737 755 851 826 itinere
878 765 966 827 horis
999 764 1122 836 diurnis
1150 770 1271 849 pariter
1301 776 1334 831 et

162 859 331 932 nocturnis
354 865 463 929 divina
494 865 541 926 illi
563 865 788 930 ministrabant
810 866 927 931 officia.
971 869 1064 932 Misit
1087 872 1182 935 etiam
1211 861 1334 936 111111(-

163 971 240 1035 liam
263 980 294 1033 et
313 969 484 1052 llranciam
508 987 567 1051 pro
588 971 668 1033 viris
690 971 817 1034 clericis
838 981 871 1047 et
894 973 1074 1057 religiosis,
1096 977 1214 1064 quibus
1235 995 1333 1060 parc-

165 1076 258 1139 chias
280 1074 411 1157 divisit,
434 1082 466 1137 et
480 1063 644 1137 ecclesias
666 1093 706 1138 ae
726 1079 923 1140 monasteria
941 1081 1131 1142 construxit.

197 1181 286 1242 ,1ιι
307 1179 373 1244 illis
395 1179 508 1242 diebus
527 1179 660 1243 inventa
681 1188 733 1242 cat
753 1180 787 1241 in
807 1189 899 1262 parte
924 1182 1088 1263 ecclesiae
1116 1193 1250 1248 sanctae
1278 1205 1335 1248 rc-

163 1285 372 1350 surrectionis
394 1285 498 1366 portic
519 1303 583 1346 una
608 1283 788 1347 dominicae
809 1287 927 1368 crucis,
950 1294 1045 1368 qnam
1067 1287 1107 1350 ob
1128 1297 1246 1350 metum
1258 1284 1344 1367 (11)-
1386 1316 1392 1327 ·
1447 1299 1450 1306 ·
1542 1299 1547 1306 ·

67 1409 69 1414 ·
162 1389 330 1474 gentilium
364 1388 478 1472 fideles
518 1389 809 1482 occultaverant,
815 1408 899 1471 quae
929 1408 982 1453 res
1011 1408 1161 1484 magnam
1189 1389 1331 1452 fidelium
1363 1409 1366 1416 ·

91 1505 93 1509 “
162 1494 267 1559 attulit
288 1494 540 1558 consolationem
550 1503 582 1554 et
601 1496 659 1555 toti
681 1492 840 1557 ecclesiae
859 1494 1103 1576 gloriationem.
1137 1493 1236 1578 Sane,
1258 1512 1331 1556 cum

163 1617 268 1684 usque
306 1598 358 1672 ad
383 1597 457 1693 illos
499 1596 569 1660 dies
600 1598 878 1681 ierosolymitana
904 1607 1084 1665 cremet
1100 1565 1252 1681 ecclesia,
1291 1597 1333 1660 de

162 1705 324 1767 communi
345 1685 483 1766 amatium
505 1701 673 1766 uoluntate
695 1702 855 1768 dominnm
871 1704 1084 1788 Daybertnm,
1104 1706 1209 1768 virum
1227 1719 1333 1767 vene-

147 1809 308 1890 renitere,
326 1808 480 1870 Pisanum
507 1795 809 1891 archiepiscopum,
841 1809 898 1892 qni
935 1816 1011 1893 post
1039 1810 1219 1892 captionem
1247 1808 1333 1872 civi·

163 1913 241 1976 tatia
261 1913 297 1974 in
319 1919 433 1976 terram
453 1921 600 1976 sanctam
622 1930 694 1974 cum
718 1913 827 1975 multis
848 1911 889 1976 de
909 1913 1003 1975 ltalia
1032 1915 1164 1997 navigio
1185 1922 1332 1995 venerat,

162 2017 198 2081 in
218 2010 331 2079 sedem
352 2015 589 2080 collocaverunt
610 2017 863 2100 patriarchalem.
907 2014 1073 2080 ordinatis
1094 2016 1333 2102 1111111000010-Ι
1408 2065 1411 2071 .

143 2119 233 2185 'sii's
244 2121 406 2205 processit
426 2123 593 2204 piissimus
614 2123 671 2186 rex
671 2120 887 2186 G'othfridna
907 2121 948 2184 ad
967 2125 1059 2186 sacri
1081 2122 1173 2204 regni
1194 2120 1333 2183 deroso·

163 2223 310 2307 lymitaui
330 2224 568 2318 ampliationem
597 2236 631 2290 et
659 2228 813 2290 assumtis
838 2227 991 2290 fratribus
1020 2226 1089 2290 suia
1116 2233 1147 2286 et
1178 2225 1332 2308 univerae

98 2413 100 2418 Ι
162 2329 354 2392 bellatorum
378 2332 578 2393 exercituin
590 2324 698 2396 man‘u
730 2332 805 2395 forti
832 2350 986 2415 egressus
1017 2330 1189 2395 ecivitate
1217 2336 1364 2412 sancta¹

116 2489 120 2496 .
162 2432 354 2497 descendit
345 2453 379 2496 ιιι
386 2431 621 2498 Palaestinam
615 2446 727 2500 contra
735 2436 934 2501 Clementem
946 2437 1196 2520 Babyloniorum
1209 2450 1331 2515 regem,

163 2540 219 2621 qui
249 2556 321 2601 cnm
352 2539 476 2622 grandi
510 2540 685 2604 infidelium
718 2544 862 2624 exercitu
906 2530 1098 2604 armatorum
1133 2539 1334 2640 Ascalonem

163 2642 325 2706 civitatem
358 2644 555 2718 inhabitabat
586 2645 627 2708 ad
657 2645 873 2744 insidiandum
896 2617 1108 2738 Christianis,
1138 2637 1218 2708 Rex
1251 2662 1329 2726 ergo
1442 2719 1445 2726 Ι
1573 2666 1578 2679 ’

163 2747 364 2830 Gothiridua‚
387 2758 573 2831 oppugnata
590 2751 732 2832 civitate,
753 2752 859 2833 ipsam
881 2729 978 2832 cepit,
997 2759 1031 2813 et
1051 2751 1155 2832 ipsum
1177 2747 1331 2826 Clemen-
1403 2808 1408 2821 ‚A

162 2859 232 2915 tem
249 2866 321 2914 cnm
343 2851 444 2916 XXX
461 2852 617 2916 millibus
630 2854 812 2917 interiecit.
808 2863 1012 2940 tantumque
1043 2853 1112 2916 anri
1140 2861 1173 2914 ct
1205 2852 1349 2933 argenti
1388 2875 1392 2884 ·
1449 2867 1453 2874 ·
1518 2865 1521 2874 ¹

129 2999 135 3008 ·
162 2957 208 3018 ibi
231 2933 463 3049 deprehendit,
495 2965 672 3058 qnantum
667 2967 830 3040 nmquam
862 2957 929 3039 alio
961 2957 1043 3020 loco
1065 2955 1332 3058 deprehenderat,
1387 2955 1389 2959 ’

163 3045 304 3143 indeque
324 3077 397 3122 cnm
421 3060 574 3124 fratribus
603 3064 673 3126 suis
705 3063 786 3125 mira
817 3061 972 3124 felicitate
999 3060 1158 3124 victoriae
1189 3077 1269 3123 usus
1297 3069 1332 3122 et

140 3163 293 3247 'Jappen
312 3173 345 3227 et
365 3165 535 3248 llamularn
561 3170 659 3231 nrbes
680 3167 807 3240 obsedit
818 3165 1109 3298 expugnavitque,
1131 3174 1229 3298 atque
1250 3164 1331 3294 alias
1413 3163 1416 3168 ’

163 3269 285 3333 similes
306 3251 465 3338 urbes.-
578 3281 584 3292 '
630 3285 632 3290 '
1092 3329 1097 3340 .
1148 3329 1154 3340 .
1342 3331 1347 3340 .

244 3354 388 3437 'l'andem
429 3385 535 3470 antem
574 3338 727 3440 reversus
743 3375 997 3482 derosolymam
1036 3393 1094 3439 rex
1135 3364 1348 3458 gravissima

162 3479 264 3546 febre
274 3481 473 3562 correptus
463 3501 497 3544 ιιι
519 3481 670 3576 lectulum
693 3480 807 3544 incidit
828 3475 993 3544 extremae
1014 3478 1249 3564 aegritudiuis;
1275 3478 1349 3562 qni'

156 3585 308 3650 sentiens
329 3591 463 3650 mortem
485 3585 578 3648 sibi
570 3567 737 3672 imminere
755 3593 902 3682 assumto
924 3585 1040 3647 salutis
1054 3593 1185 3647 nostrae
1198 3583 1330 3683 viatica,
1365 3643 1366 3648 ,
1393 3576 1400 3669 Ἰ

161 3679 326 3772 tamqnam
348 3707 447 3752 verus
469 3687 592 3752 Ghristi
614 3663 793 3772 conlassor,
823 3673 908 3752 viam
940 3689 1114 3760 universae
1140 3689 1247 3751 carnia
1277 3688 1331 3750 in·
1375 3721 1378 3728 ·
1448 3699 1450 3706 “
1537 3667 1541 3675 ’

161 3811 299 3878 gressus
332 3795 384 3856 est
412 3794 527 3880 sicque
553 3801 794 3858 consummatus
830 3792 863 3854 in
891 3794 984 3856 brevi
1001 3792 1157 3876 explevit
1171 3801 1332 3873 tempora
1435 3811 1438 3818 ’

161 3899 272 3962 multa.
333 3897 562 3982 sepeliverunt
597 3901 702 3962 antem
744 3915 816 3964 enm
849 3896 968 3960 fratres
1003 3899 1054 3960 sui
1090 3898 1123 3959 in
1160 3896 1330 3959 ecelesiam

161 4002 313 4067 dominici
329 4003 541 4086 sepulchri,
530 4023 563 4066 ιιι
585 4003 671 4087 pede
692 4003 789 4085 rupis
803 3999 1034 4084 caluariae,
1015 4020 1087 4064 cum
1109 4000 1234 4083 ingenti
1260 4016 1332 4062 om-

162 4109 249 4172 nium
261 4097 535 4175 Christianorum
531 4108 670 4200 planctu
693 4109 865 4171 ethonore
886 4112 951 4175 etc.
992 4106 1045 4168 De
1064 4106 1128 4169 istc
1161 4102 1352 4172 (1011ιΐιιι10,

164 4197 389 4298 intelliguntur
418 4223 452 4276 01
494 4219 699 4297 exponuntur
732 4210 877 4295 qnidam·
896 4218 1009 4274 textus
1045 4210 1086 4272 ad
1118 4209 1256 4272 litteram
1297 4208 1331 4270 in
1372 4207 1375 4214 “

64 4378 68 4386 ,
165 4315 367 4410 Apocalypsi
400 4318 480 4424 Cap.
504 4316 553 4384 17.
582 4325 616 4380 et
638 4317 687 4384 1&
719 4322 756 4388 ut
783 4316 890 4418 'habet
910 4314 1067 4388 Nicolans
1098 4313 1140 4376 (10
1168 4314 1274 4396 Lyra,
1300 4318 1341 4371 et·
