3204 5216
708 236 771 336 ιω.

144 430 268 522 totum,
294 404 400 506 usque
421 421 597 503 venetiae,
626 431 660 484 at
682 406 1015 524 vehementertin'ui,
1038 438 1079 488 ne
1102 423 1185 488 iorte
1205 435 1239 490 et
1260 428 1323 509 ipsi

146 530 190 591 in
206 528 269 600 viras
292 527 440 594 miserias
461 524 652 594 inciderent.

234 633 455 696 Recesserunt
477 649 555 715 ergo
577 633 610 694 in
633 631 765 696 nomine
786 630 914 695 Domini
946 652 967 695 a
986 632 1171 695 Jerusalem
1202 611 1322 698 domini
1434 612 1437 620 ’

150 741 283 822 patroni
312 733 406 800 ambo
437 756 510 802 cunr
544 735 682 799 dominis
702 736 901 820 peregrinis,
933 755 1006 800 cnm
1028 739 1146 822 quibus
1177 739 1323 804 misimus

151 837 240 908 duos
268 842 310 907 de
330 844 471 925 nostris,
495 850 537 906 ut
558 841 599 904 de
619 841 724 924 galeis
750 861 803 905 res
824 851 966 926 nostras,
985 862 1067 928 ques
1087 845 1121 906 in
1144 844 1234 926 ipsis
1246 845 1324 907 reli·
1373 898 1376 906 .
1483 851 1487 858 '

152 949 297 1034 quimus,
318 945 547 1012 adducerent
538 946 775 1010 rnJemsalem.
822 948 989 1011 Venerunt
1002 967 1080 1031 ergo
1092 949 1125 1012 in
1140 947 1322 1034 liamulam,

154 1073 243 1138 quae
264 1055 475 1118 communiter
497 1052 601 1115 Rama
625 1051 750 1134 dicitur,
782 1062 815 1115 et
846 1053 891 1116 int
919 1053 1029 1116 multis
1052 1053 1166 1146 diebus
1195 1053 1324 1118 iireruut

156 1159 281 1226 detenti
302 1168 334 1222 et
352 1137 483 1222 multum
500 1157 620 1220 vexati.
664 1155 747 1219 Sunt
768 1158 852 1220 enim
866 1158 900 1220 in
917 1156 1029 1224 cedern
1041 1159 1174 1221 civitate
1189 1159 1323 1242 pessimi

90 1263 94 1268 ’
156 1281 316 1347 nequam,
344 1271 384 1326 ut
410 1270 504 1346 petet
522 1261 577 1331 iol.
597 1261 701 1332 eeu
748 1261 885 1346 Semper
912 1263 997 1325 enim
1029 1263 1220 1327 recedentes
1249 1264 1323 1346 plns

156 1377 280 1431 vexant
307 1385 403 1452 quam
432 1368 656 1431 advenientes.
705 1365 785 1430 Post
811 1368 886 1430 illes
915 1365 985 1433 dies
1015 1365 1254 1432 descenderunt
1289 1368 1325 1430 iu

97 1522 104 1533 .
157 1473 299 1557 Joppen,
326 1473 414 1537 etin
435 1473 498 1534 iste
520 1469 681 1534 descensu
702 1469 875 1536 Sarraceni
904 1471 985 1538 duos
1013 1451 1201 1556 peregrinos
1226 1471 1324 1554 valde

158 1577 403 1660 tribulaverunt,
424 1577 510 1640 etin
532 1575 697 1658 speluncis
720 1575 849 1640 foetidis
861 1576 969 1659 Joppe
989 1577 1085 1640 etiam
1107 1577 1231 1663 aliquos
1253 1573 1325 1642 dies

155 1681 268 1766 iacere
287 1682 511 1766 permiserunt,
533 1681 576 1744 de
597 1681 714 1764 quitus
735 1681 856 1746 dictum
878 1690 930 1747 est
953 1683 1007 1747 iol.
1029 1680 1073 1746 tt
1092 1681 1134 1746 Δ.
1193 1684 1232 1745 ln
1258 1681 1324 1746 iilis

158 1787 325 1871 speluncis
351 1786 480 1848 inerunt
506 1785 616 1868 plnres
636 1783 750 1863 (22⁰
771 1785 825 1868 Δ)
857 1788 1020 1873 peregrini
1055 1787 1178 1852 debiles
1206 1787 1325 1872 effecti,

159 1900 227 1956 turn
247 1900 381 1974 propter
401 1891 463 1957 loci
476 1891 641 1974 foetorem,
663 1901 729 1956 turn
739 1902 869 1976 propter
884 1891 1044 1956 deiectum
1057 1895 1324 1976 necessariorum,

160 2006 227 2061 tum
250 2003 284 2058 et
294 1998 435 2062 maxime
448 2003 579 2079 propter
590 1997 784 2060 vexationes
796 2006 828 2060 et
840 1997 1061 2061 tribulationes
1073 1996 1324 2064 serracenorum

160 2111 195 2164 et
209 2102 367 2186 juvenum
382 2101 579 2183 Maurorum,
600 2109 637 2164 ut
657 2107 749 2183 patet
769 2100 821 2163 iol.
835 2081 883 2164 77'
899 2102 936 2163 B.
978 2103 1197 2182 lmperturrius
1217 2102 1349 2196 autem'·

160 2223 219 2270 eos
237 2209 271 2269 iu
293 2206 398 2269 reditu
418 2215 642 2286 vexaverunt,
663 2203 749 2268 unde
768 2206 802 2267 in
832 2212 955 2268 tantum
977 2208 1160 2286 exasperati
1181 2216 1213 2270 et
1233 2225 1326 2270 ama-

160 2313 256 2376 ricati
279 2311 409 2374 irremunt
429 2311 592 2395 peregrini
614 2317 726 2375 contra
746 2320 895 2394 paganos
909 2308 1004 2391 juxta
1024 2325 1123 2394 mare,
1145 2309 1231 2395 quod
1244 2327 1325 2375 con·

159 2418 365 2500 spiraverunt
386 2414 699 2500 et'coojuraverunt,
721 2414 808 2499 quod
828 2417 862 2479 in
883 2415 1034 2498 ingressu
1052 2417 1148 2480 navis
1174 2415 1325 2500 jugulare

161 2531 195 2586 et
221 2515 403 2586 interlicere
430 2519 570 2603 velient,
599 2529 755 2604 quotquot
775 2519 817 2583 ed
846 2538 961 2584 marrus
990 2539 1099 2582 eurum
1121 2525 1326 2584 occurrerent
1422 2517 1432 2537 ’

161 2626 342 2707 sarraceni,
360 2625 501 2707 juvenes
522 2632 556 2686 et
575 2642 684 2688 senes.
726 2627 780 2690 Ab
802 2628 865 2691 hoe
887 2635 995 2691 tamen
1016 2625 1180 2708 proposito
1195 2623 1325 2687 dremne
1387 2688 1393 2698 ,

161 2732 305 2796 meari
326 2738 458 2815 propter
489 2747 567 2812 nos,
590 2733 647 2812 qui
678 2735 855 2796 mansimus
885 2733 918 2794 in
949 2730 1140 2794 Jerusalem.
1179 2727 1266 2818 Nam
1295 2726 1325 2791 si

161 2849 261 2896 unum
281 2833 441 2933 hominem
461 2835 713 2919 interfecissent,
735 2853 796 2900 uos
815 2853 928 2899 omnes
948 2837 1195 2935 captivassent
1191 2839 1225 2891 et
1240 2830 1326 2892 iorte
1443 2863 1448 2870 -
1525 2852 1530 2862 ·

162 2922 288 3020 aliquos
321 2955 363 3000 err
399 2939 494 3002 nobis
529 2937 763 3005 occidissent
754 2959 787 3003 m
821 2939 976 3002 ultionem
1014 2937 1109 3000 effusi
1145 2918 1324 3018 sauguinis.

161 3041 365 3126 Frequenter
390 3045 476 3108 enim
506 3043 679 3127 contingit,
711 3042 799 3129 quod
825 3045 859 3106 in
887 3059 1020 3106 recessu
1044 3058 1283 3125 peregrinorum
1305 3055 1326 3100 a

162 3149 299 3232 paganis
321 3147 406 3212 male
425 3167 464 3214 ae
483 3146 635 3232 salutant,
657 3157 692 3212 et
709 3167 807 3233 quam
824 3150 899 3215 boni
928 3149 1023 3213 amici
1044 3145 1162 3212 inerint
1179 3164 1239 3230 per
1255 3151 1326 3206 ter·

163 3269 230 3321 nm
243 3253 306 3338 sibi
324 3253 406 3337 ipsis
418 3255 612 3318 antedicunt.
637 3253 742 3325 ‚Unde
754 3274 819 3320 non
830 3262 909 3318 sunt
920 3254 1010 3318 multi
1023 3251 1098 3316 uani
1111 3251 1224 3334 elapsi,
1238 3247 1324 3334 quod

164 3357 326 3440 peregrini
343 3359 497 3422 concitati
511 3359 713 3425 aSarraeeni
727 3370 759 3424 et
768 3357 940 3423 Sarraceni
952 3340 1063 3422 contra
1076 3359 1169 3439 ipsos
1180 3357 1214 3417 in
1230 3361 1326 3438 portu

117 3484 124 3498 ·
163 3462 271 3544 Joppe
286 3461 375 3526 aeica
391 3463 620 3529 ordinaverunt
630 3463 672 3527 ad
686 3466 836 3547 invicem,
858 3473 891 3528 et
901 3464 1165 3546 congressionem
1180 3461 1326 3524 iecerunt

164 3585 237 3632 cum
258 3569 317 3632 eis.
361 3569 399 3631 ln
419 3569 524 3650 prima
544 3583 617 3635 ntea
640 3569 898 3651 peregrinatione
926 3577 1062 3652 quatuor
1091 3565 1205 3628 diebus
1233 3583 1323 3628 nran-

164 3671 265 3763 siraps
293 3673 327 3735 in
353 3680 449 3756 portu
468 3671 585 3756 Joppe,
614 3676 725 3737 vexati
747 3679 780 3738 et
817 3673 959 3738 tribulati
980 3686 1084 3754 usqne
1105 3669 1147 3732 ad
1169 3667 1323 3732 ultimum.

164 3775 221 3840 Sic
242 3772 338 3839 etiam
361 3773 456 3841 modo
475 3773 664 3860 peregrinos
685 3784 899 3859 vexaverunt,
922 3785 955 3839 et
981 3779 1067 3870 sicut
1092 3760 1268 3857 praemisi,
1297 3772 1327 3839 si

164 3877 288 3946 iliorum
310 3883 561 3965 peregrinorum,
582 3881 638 3963 qui
658 3884 691 3946 in
701 3878 883 3974 Jerusqlenr
895 3885 1127 3962 remanserunt,
1150 3873 1327 3961 periculum

164 4003 228 4048 non
245 3985 439 4070 timuissent,
460 3987 532 4050 siae
550 3987 722 4069 sanguinis
735 3985 894 4052 effusione
914 3985 1027 4069 galeas
1049 4003 1113 4048 nou
1138 3984 1325 4048 intrassent.

165 4087 249 4153 Cum
270 4105 352 4172 paee
373 4107 451 4174 ergo
470 4099 601 4175 propter
619 4109 732 4175 pacem
754 4099 908 4175 nostram,
930 4091 986 4176 qui
1008 4091 1041 4154 in
1054 4087 1239 4153 Jerusalem
1261 4085 1327 4148 iui-

166 4211 255 4278 mus,
280 4196 442 4280 peregrini
470 4195 586 4260 buces
605 4195 747 4280 ingressi
767 4197 800 4259 in
822 4197 935 4282 galeas
957 4195 1213 4289 navigaverunt,
1244 4199 1327 4274 quae
1394 4206 1401 4225 ·

166 4314 274 4385 usque
291 4296 545 4399 lnroipmobsses
552 4301 684 4372 stabant
703 4303 737 4364 in
748 4300 839 4384 iocis,
851 4299 907 4364 ubi
918 4315 976 4363 eas
986 4299 1087 4382 primo
1104 4309 1326 4380 posueramus,
