3202 5218
859 321 923 403 ⁴9⁴

302 505 535 572 'monasterium
553 515 771 570 constructum
785 505 844 570 luit
855 507 888 570 in
906 507 1058 572 bonorem
1070 504 1328 589 gloriosissimae
1339 507 1489 590 virginis

305 615 429 678 Mart-o
455 612 489 675 in
526 611 614 695 loco,
636 612 690 674 ubi
712 613 846 696 Moyses
868 612 949 677 vidit
971 613 1094 676 rubum.
1138 611 1212 674 Duo
1245 614 1331 674 enim
1354 629 1487 694 genera

305 718 532 784 monachorum
555 714 716 780 (lasanum
748 717 966 800 occupabant:
998 717 1128 801 quidam
1157 726 1249 780 erant
1270 717 1485 798 coenobitae,

305 829 339 888 in
362 820 564 886 monasteriis
585 821 680 884 simul
702 822 893 906 regulariter
903 822 973 885 Deo
993 823 1197 902 servientes3
1219 821 1331 884 borum
1344 821 1486 886 vivendi

306 929 451 1011 regulam
485 927 611 1010 accepit
641 925 678 994 S.
712 927 905 990 Pachomius
931 930 972 989 ab
993 927 1111 1009 angelo
1151 927 1184 988 in
1214 926 1332 989 tabulis
1353 924 1483 990 'aeneis

305 1033 539 1116 conscriptam,
576 1050 661 1115 quae
693 1030 828 1096 habetur
849 1035 882 1095 in
915 1031 1056 1115 Speculo
1083 1032 1197 1099 lristor.
1225 1031 1264 1092 12.
1297 1033 1346 1096 ts.
1371 1049 1400 1094 c
1423 1033 1483 1095 82

306 1140 373 1202 Alii
394 1145 485 1200 erant
507 1137 735 1218 anachoretae,
763 1136 971 1220 singulariter
994 1139 1162 1218 urentes,
1185 1153 1281 1198 omne
1302 1135 1482 1198 humanum

306 1245 501 1308 consortium
525 1241 698 1325 fugientes,
720 1241 898 1323 penetralia
919 1241 1039 1306 deserti
1062 1241 1247 1320 lustrantes,
1268 1241 1301 1302 in
1323 1241 1485 1304 cavernis

306 1361 411 1414 terrae
431 1346 624 1410 habitantes.
666 1346 883 1429 singulariter
909 1353 1019 1410 autern
1041 1346 1075 1408 in
1097 1345 1227 1409 deserto
1253 1343 1354 1428 Syuai
1385 1356 1485 1408 erant

307 1452 397 1516 multi
418 1454 587 1533 utriusque
618 1453 748 1534 generis
771 1451 918 1516 monachi
941 1450 1059 1514 dovoti.
1101 1451 1202 1514 Porro
1226 1452 1259 1514 in
1281 1451 1486 1514 monasterio

304 1558 367 1622 sub
390 1564 498 1618 monte
519 1551 605 1618 Oreb
627 1565 696 1619 erat
723 1565 816 1638 pater
846 1555 1091 1638 monachorum,
1123 1557 1174 1617 vir
1196 1555 1317 1639 bonus,
1339 1556 1391 1618 cui
1413 1555 1485 1617 ali·

306 1663 459 1745 quotiens
493 1659 526 1721 in
548 1669 687 1722 mentem
718 1661 827 1742 venit,
860 1667 895 1722 ut
916 1677 991 1724 cum
1023 1662 1190 1725 monachis
1218 1662 1287 1724 suis
1317 1661 1424 1722 exiret
1447 1668 1484 1722 et

306 1785 367 1850 per
387 1762 593 1828 solitudinem
624 1773 757 1827 sanctos
778 1774 966 1848 quaereret,
999 1773 1032 1827 et
1054 1771 1122 1827 tum
1145 1763 1279 1828 distulit.
1322 1762 1479 1842 Quadam

307 1887 386 1934 vero
408 1879 505 1933 nocte
538 1870 664 1951 accepit
685 1871 717 1931 in
748 1871 888 1954 somnis,
919 1879 954 1932 nt
978 1886 1072 1932 mano
1101 1886 1172 1931 cum
1208 1871 1375 1934 monachis
1405 1871 1482 1932 suis

306 1974 516 2059 egrederetur
536 1981 571 2036 et
593 1975 753 2037 inveniret
775 1975 959 2039 thesaurum
989 1973 1198 2037 orientalibus
1232 1983 1265 2036 et
1285 1973 1481 2038 occidenta-

306 2080 391 2145 libus
412 2077 666 2143 desiderabilem.
706 2081 807 2144 blane
827 2082 913 2145 lacto
947 2081 1097 2144 omnibns
1118 2081 1188 2143 suis
1209 2080 1376 2142 monachis
1395 2097 1483 2141 cou-

307 2187 433 2250 vccatis
455 2193 489 2247 et
508 2193 584 2247 voto
606 2185 655 2246 eis
676 2188 823 2268 exposito
850 2187 883 2248 in
915 2183 1108 2248 desiderium
1130 2183 1307 2268 quaerendi
1340 2184 1482 2245 tlresau·

308 2309 375 2354 ram
425 2287 524 2351 corda
563 2306 672 2351 eorum
714 2291 925 2353 vehementer
968 2289 1116 2354 accendit
1148 2299 1182 2352 et
1218 2291 1346 2372 egrossi
1380 2287 1482 2351 simul

307 2394 512 2478 vagabantur
532 2411 590 2474 per
612 2393 731 2456 deserti
753 2395 849 2458 devia
870 2396 999 2479 incerti,
1032 2395 1090 2458 sod
1113 2395 1246 2458 multum
1268 2395 1414 2474 incensi,
1447 2404 1483 2455 et

309 2497 549 2583 perlustrabant
571 2497 727 2561 foramina
748 2509 926 2583 petrarum,
962 2500 1135 2583 speluncas
1154 2501 1324 2581 montium,
1353 2499 1482 2580 rupium

309 2605 473 2668 scissuras
500 2604 783 2686 perambulabant,
816 2615 942 2669 montes
974 2613 1008 2668 et
1041 2603 1146 2667 valles
1167 2614 1199 2666 et
1223 2615 1382 2668 torrentes
1402 2622 1484 2685 per·

310 2708 545 2773 scrutabantur.
583 2709 709 2770 loterea
731 2709 801 2772 lleo
823 2708 907 2772 duce
926 2709 967 2773 ad
986 2708 1145 2792 quoddam
1168 2715 1294 2772 antrum
1315 2725 1484 2790 pervene-

312 2824 387 2878 runt
411 2823 442 2876 et
466 2813 561 2875 altam
585 2813 743 2895 quandam
767 2833 875 2898 rupem
899 2825 931 2876 et
963 2817 996 2876 in
1019 2831 1058 2876 eo
1078 2831 1188 2876 serrem
1211 2815 1401 2876 monachum
1424 2814 1480 2874 in-

314 2929 491 3002 venerunt,
527 2918 619 3000 cujus
650 2919 776 2982 vultum
806 2937 979 3002 numquam
1014 2922 1104 3003 prius
1132 2918 1295 3001 viderant3
1327 2915 1482 3000 quidum

313 3027 529 3108 interrogaret
550 3025 741 3105 monachos,
766 3023 841 3106 quid
871 3023 992 3086 vellent
1015 3023 1080 3103 (b)
1104 3033 1135 3086 et
1164 3023 1241 3107 quid
1274 3030 1480 3106 quaererent,

312 3129 473 3192 dixerunt:
498 3130 685 3191 thesaurum
707 3147 863 3210 quaerere
883 3127 993 3192 ditius
1009 3127 1159 3210 jussione
1179 3129 1328 3191 venimus
1345 3123 1480 3188 desido-

311 3233 443 3295 rabilem
466 3232 676 3295 orientalibus
698 3240 729 3292 et
752 3233 1016 3297 occidentalibus.
1046 3233 1099 3296 Ad
1118 3235 1200 3296 lracc
1220 3251 1340 3294 senex:
1363 3240 1395 3292 at
1416 3247 1480 3311 ego

311 3335 351 3398 ad
373 3335 457 3398 idem
482 3335 662 3398 luciendum
684 3353 784 3417 saepe
805 3356 876 3400 sum
899 3338 1092 3420 admonitus,
1112 3337 1172 3401 sed
1194 3339 1313 3400 timens
1332 3334 1478 3398 lallacias

310 3440 430 3503 inimici
452 3457 556 3521 usquo
577 3459 663 3502 nunc
684 3440 811 3523 distuli,
830 3441 897 3522 jam
918 3460 996 3505 vero
1018 3461 1154 3506 securus
1176 3443 1343 3505 vobiscum
1365 3440 1417 3502 ibo
1435 3438 1478 3501 ad

312 3542 538 3626 quaerendum.
583 3543 635 3606 Ad
658 3563 753 3628 quem
786 3546 950 3609 monachi:
983 3547 1026 3609 itt
1049 3548 1103 3610 ubi
1131 3557 1227 3631 putas
1259 3541 1479 3629 quaeremus‘l

311 3647 510 3731 Respondit:
533 3649 637 3723 Ecce,
659 3651 692 3712 in
724 3660 833 3713 monte
865 3651 926 3714 hoc
947 3651 1105 3715 altissimo
1126 3651 1194 3715 vidi
1216 3652 1401 3734 frequenter
1427 3650 1480 3711 lu-

312 3755 399 3817 mina
421 3753 508 3816 clara
515 3800 526 3838 ,
548 3755 751 3838 splendentia
778 3767 810 3818 ct
833 3775 897 3819 non
919 3756 1047 3839 dubito,
1084 3759 1160 3839 quin
1181 3756 1301 3841 aliquid
1334 3755 1477 3818 divinum

311 3859 357 3923 ibi
384 3858 500 3940 lateat,
532 3859 590 3922 sed
618 3861 694 3944 qnia
726 3861 962 3924 inaccessibilis
998 3859 1090 3924 locus
1117 3869 1169 3924 est
1203 3877 1282 3945 prae
1310 3858 1478 3923 altitudine

311 3963 489 4028 ascendere
510 3982 574 4028 non
598 3966 787 4048 praesumsi,
811 3985 871 4029 nec
893 3967 1093 4049 majestatem
1113 3965 1175 4027 Dei
1196 3985 1239 4028 ex
1261 3973 1370 4028 monto
1391 3963 1478 4028 relu-

311 4076 437 4132 centem
459 4067 549 4132 aolus
572 4071 765 4152 perscrutari
787 4081 887 4134 ausus
922 4072 984 4153 tui,
1007 4087 1093 4132 nnnc
1112 4078 1218 4132 autem
1239 4069 1336 4133 simul
1358 4085 1477 4151 perga-

310 4189 394 4255 mus,
415 4173 660 4238 adscendamus·
673 4185 704 4238 ct
726 4193 928 4260 quaeramus.
962 4177 1041 4240 Erat
1064 4183 1171 4237 autem
1193 4193 1287 4238 rocus
1311 4175 1367 4237 ille
1387 4191 1478 4236 mona

309 4277 347 4343 S.
370 4276 580 4362 catharinae,
614 4277 653 4341 ad
677 4297 771 4361 quoru
805 4280 976 4365 rrurnquam
1008 4281 1103 4342 homo
1137 4276 1284 4343 ascendit
1314 4278 1478 4344 antehoc

309 4393 446 4469 ternpus.
491 4385 704 4449 Perrexernnt
733 4402 811 4469 ergo
838 4385 933 4449 simul
956 4394 987 4448 et
1010 4403 1083 4448 cnm
1115 4384 1223 4447 multis
1254 4382 1417 4448 laboribus
1443 4393 1477 4446 et
