3202 5218
851 227 915 292 m
1003 250 1009 262 .

301 422 335 477 et
356 421 530 495 torquetur.
574 407 633 474 Sic
661 419 694 474 et
722 407 841 474 Judaei
875 427 974 474 aureo
1001 409 1102 472 vitulo
1140 404 1371 472 immolantes
1404 421 1499 466 auree

302 515 418 599 poculo
438 517 506 578 vita
526 515 646 597 privati
669 525 755 578 suut.

386 619 512 684 Deinde
532 639 553 682 e
573 621 698 703 piscine
719 618 881 702 proedicto
902 618 1110 683 ascendimus
1132 626 1168 680 et
1194 614 1241 678 ad
1267 632 1372 678 unam
1403 611 1498 675 letum

300 725 441 809 plateam
463 725 771 806 venimusintrorto,
794 726 911 807 (quae)
924 726 1034 787 nescio
1048 741 1143 806 quam
1164 721 1213 784 ol)
1230 737 1379 784 causam
1406 714 1499 779 culvr

301 837 365 913 est,
386 832 431 893 ita
448 829 533 915 quod
554 849 619 893 uon
640 839 789 894 crescunt
811 832 843 892 in
865 829 958 912 pecie
978 830 1042 891 iste
1060 829 1229 912 gremino,
1252 827 1351 889 sicut
1372 822 1406 886 iu
1429 821 1500 884 eliis

301 938 388 1000 horti
410 936 501 1006 locis.
543 937 580 998 lu
602 935 657 998 ille
675 935 783 1018 platea
804 935 944 998 creditur
968 951 1044 997 esse
1064 933 1174 1016 locus,
1206 932 1246 995 iu
1277 949 1350 1013 quo
1380 943 1499 991 aureus

302 1041 426 1106 vitulus
446 1041 505 1105 luit
526 1041 620 1104 lusus
642 1049 673 1103 et
696 1040 872 1103 fabricatus
892 1059 950 1122 per
970 1039 1092 1121 Aaron,
1114 1041 1204 1102 sicut
1225 1035 1381 1100 habetur
1394 1029 1497 1095 Exod

303 1146 442 1208 xxxn.
492 1146 631 1229 Accepit
672 1147 758 1208 euim
804 1163 825 1208 a
860 1144 1046 1208 mulieribus
1078 1153 1111 1205 et
1141 1161 1161 1204 c
1194 1140 1330 1225 populo
1367 1138 1500 1200 inaures

303 1266 420 1314 aureus
442 1259 474 1313 et
495 1251 633 1314 annulos
651 1259 685 1313 et
706 1267 788 1313 vasa
805 1267 904 1311 auree
926 1257 957 1310 et
974 1247 1109 1332 projecit
1130 1248 1163 1312 in
1182 1249 1322 1330 ignem,
1338 1250 1375 1306 et
1399 1257 1498 1324 opere

304 1353 423 1420 dirtott
454 1371 610 1437 egressus
642 1355 702 1418 luit
728 1355 849 1418 vitulus
878 1371 1013 1435 eureus,
1044 1371 1140 1434 quem
1170 1350 1298 1414 eodem
1334 1344 1435 1410 modo
1463 1351 1497 1406 ut

303 1459 459 1541 Aegyptii
482 1459 635 1541 putebant
667 1477 743 1522 esse
763 1460 869 1542 Apim.
913 1458 1112 1522 sicutenim
1146 1455 1320 1539 Aegyptii
1344 1472 1389 1516 ex
1411 1465 1498 1533 equa

302 1563 400 1646 Apim
431 1571 643 1646 susceperuut
670 1563 704 1626 in
731 1564 833 1626 lorma
865 1563 964 1644 tauri,
994 1563 1044 1625 sic
1079 1561 1254 1624 {sraelitae
1291 1555 1440 1622 eundem
1463 1555 1495 1615 in

304 1667 408 1729 lorma
438 1667 528 1731 vituli
560 1685 602 1730 ex
636 1667 714 1748 igne
748 1676 947 1749 recepemnt.
995 1666 1182 1731 Adorabunt
1218 1665 1316 1728 enim
1349 1658 1494 1745 gentiles

303 1769 451 1834 homines
484 1771 670 1853 deificatos,
703 1790 766 1834 nou
787 1771 821 1835 in
843 1773 982 1855 proprlis
1013 1773 1162 1836 humanis
1193 1770 1339 1852 formis,
1374 1763 1492 1829 sedin

304 1875 417 1938 formis
438 1877 630 1960 bestiarum,
664 1877 698 1940 in
719 1895 803 1961 quas
825 1877 952 1942 iebulee
978 1876 1136 1942 docebant
1157 1875 1216 1938 ios
1241 1876 1491 1938 transmutatos

304 1997 396 2043 esse:
427 1988 463 2043 ut
481 1982 611 2065 Jupiter
630 1989 864 2046 transmutatus
885 1983 918 2046 in
939 1985 1070 2046 arietem
1094 1981 1297 2044 odorabatur
1319 1977 1356 2040 in
1377 1971 1491 2058 specle

303 2085 431 2170 arietis3
449 2087 532 2168 Apis
550 2089 583 2150 iu
600 2088 711 2172 specie
722 2089 823 2170 tauri3
845 2089 956 2155 Venus
969 2089 1003 2150 lu
1020 2087 1127 2170 pisce;
1143 2083 1315 2147 Saturnus
1330 2085 1368 2144 tu
1385 2095 1487 2162 equo;

303 2187 410 2254 Niobe
429 2193 464 2254 in
483 2192 606 2276 lapide3
634 2194 811 2255 Hermione
831 2195 864 2255 in
887 2201 1056 2274 serpente;
1087 2189 1175 2253 Juno
1194 2191 1228 2250 in
1250 2205 1381 2267 vaeca3
1415 2183 1487 2244 Ao-

306 2303 399 2358 teeon
433 2300 466 2357 ln
498 2315 615 2379 cervo;
646 2296 812 2380 Antigono
843 2299 876 2361 in
905 2298 1048 2378 cieonie;
1081 2293 1210 2357 Aldoua
1231 2295 1268 2358 iu
1304 2284 1485 2361 carduele3

303 2399 442 2480 Daphne
462 2401 496 2462 iu
519 2401 624 2482 lauro;
647 2401 743 2464 Atlas
765 2403 797 2464 iu
820 2411 938 2485 moute,
960 2420 1054 2484 quem
1065 2401 1207 2462 Perseus
1229 2389 1484 2485 transformarit

302 2505 337 2564 ln
358 2513 496 2567 montem
504 2526 514 2589 3
537 2504 684 2568 Arcades
705 2515 854 2588 pastores
878 2506 911 2568 in
933 2505 1027 2589 lupis.
1072 2505 1113 2567 tn
1136 2505 1182 2566 ita
1202 2502 1243 2566 de
1267 2499 1386 2566 multis
1409 2493 1482 2558 aliis

304 2607 412 2671 dicere
431 2626 569 2691 possem.
610 2609 686 2673 ldeo
708 2610 855 2674 diabolus
873 2612 981 2692 potius
1000 2611 1034 2674 in
1053 2609 1130 2691 igue
1150 2605 1289 2672 vitulum
1311 2599 1480 2675 conflavit,

303 2730 400 2795 qnam
423 2713 489 2797 (lo)
507 2715 647 2778 hominis
668 2714 831 2798 sculptile.

386 2817 529 2882 Ulterius
549 2821 770 2903 processimus
791 2830 824 2884 ct
855 2820 898 2884 ad
919 2839 1013 2883 uuam
1039 2816 1235 2901 singularem
1259 2823 1392 2900 petrem
1416 2826 1477 2871 vo-

303 2923 411 2986 nlmus
439 2923 480 2987 ad
514 2925 654 2990 redicem
684 2927 803 2989 montis
831 2925 917 2988 Oreb
942 2924 1104 3007 jecentem
1135 2921 1176 2985 ad
1206 2923 1336 2986 modum
1368 2911 1476 2996 magui

303 3025 433 3091 ollbrni.
475 3030 530 3091 Ad
552 3031 636 3095 hauc
656 3041 779 3114 petrem
800 3031 891 3096 illisit
912 3032 1048 3115 Moyses
1071 3028 1153 3090 duas
1175 3025 1305 3089 tsbulas
1327 3019 1474 3105 lapideus

303 3129 416 3193 decem
436 3145 692 3218 praeceptorum,
705 3135 822 3200 videns
844 3134 978 3198 vitulum
999 3143 1031 3197 et
1052 3131 1287 3196 sacrificantem
1308 3125 1471 3214 populum.

302 3234 404 3297 lirant
426 3245 535 3300 autem
565 3239 648 3304 duae
675 3239 749 3301 illue
781 3238 910 3300 tabulae
942 3256 1040 3320 opere
1060 3239 1124 3299 Dei
1153 3235 1280 3299 deletae
1308 3245 1342 3297 et
1373 3227 1472 3311 digito

302 3338 365 3401 Dei
387 3343 592 3422 conscriptae
614 3351 646 3405 et
667 3343 707 3405 de
727 3343 961 3424 pretiosissimo
982 3351 1013 3404 et
1034 3315 1203 3425 splendido
1236 3339 1356 3421 lapide,
1378 3331 1470 3412 eujus

303 3444 462 3506 fracturae
484 3455 691 3507 evanuerunt.
723 3445 840 3508 Dicunt
861 3444 990 3528 ludaei,
1014 3446 1101 3528 quod
1120 3448 1280 3527 scripture
1301 3440 1470 3526 legebatur

302 3548 343 3610 ab
365 3559 499 3632 utraque
522 3557 613 3632 purte
644 3548 781 3633 lapldis,
813 3549 897 3633 qnod
922 3549 983 3612 init
1010 3549 1252 3631 miraculosum,
1285 3549 1362 3632 quia
1384 3542 1466 3618 dcto,

303 3651 389 3736 quod
411 3651 537 3717 litterae
557 3655 591 3717 in
612 3665 748 3739 utraque
769 3665 861 3737 parte
882 3653 1068 3737 videentur,
1101 3657 1187 3718 sicut
1208 3655 1241 3716 in
1271 3658 1466 3735 pergament

302 3758 392 3839 tenui
422 3768 453 3821 et
485 3762 675 3843 perspicuo,
714 3760 818 3823 solum
851 3769 957 3823 tamen
985 3761 1019 3823 iu
1052 3776 1118 3823 una
1144 3767 1236 3841 parte
1264 3757 1330 3839 legi
1359 3753 1465 3839 potettl

302 3859 471 3946 scriptura,
494 3865 571 3947 quia
589 3866 622 3927 in
644 3863 708 3927 alie
736 3865 847 3928 charta
869 3865 1013 3930 revolute
1035 3873 1111 3926 sunt
1132 3862 1260 3926 litterae
1280 3869 1463 3944 perverstv·

302 3967 354 4030 lix
374 3968 436 4030 hoc
458 3968 543 4032 dicto
560 3968 700 4031 creditur
725 3969 808 4052 lepis
830 3969 934 4032 luisse
955 3969 1079 4049 clarus,
1100 3967 1251 4048 lucidus,
1275 3959 1461 4050 perspicuus

302 4081 336 4134 et
353 4071 437 4135 iorte
456 4072 532 4134 talis
553 4090 691 4135 necesse
712 4083 791 4153 erat,
810 4072 897 4155 quod
919 4076 1012 4136 etiam
1039 4074 1071 4136 io
1093 4073 1235 4136 tenebris
1257 4079 1288 4133 et
1312 4078 1462 4133 nocturno
1567 4077 1572 4089 ·

301 4187 446 4258 tempore
477 4176 605 4240 lucebat
634 4186 665 4239 et
695 4177 856 4258 legibilem
888 4181 1078 4260 scripturam
1107 4194 1237 4259 semper
1264 4171 1460 4246 ostendedit,

301 4285 386 4345 stcut
408 4297 537 4364 semper
567 4281 717 4345 mandute
748 4282 791 4345 ibi
814 4283 997 4366 conscripta
1026 4280 1229 4346 observanda
1255 4290 1356 4345 erent.
1399 4268 1461 4340 Sed
