3202 5218
744 306 809 373 tea

165 493 327 557 -Thuaoia
346 491 379 554 iu
392 489 480 554 uallo
499 489 647 573 quadam,
663 490 718 554 ubi
739 499 825 552 terra
845 506 883 556 aa
904 489 1029 570 aperuit
1050 495 1083 550 et
1096 487 1223 552 domurn
1245 488 1360 572 conjus-

182 598 255 662 dam
278 596 389 660 divitis
402 612 476 659 cnm
498 596 585 658 omni
598 595 781 659 substantia
801 594 1023 674 chuononis
1044 593 1117 656 loco
1138 603 1245 656 tamen
1260 594 1358 658 lovea

182 700 342 786 profunda
362 701 480 763 mansit
510 703 545 762 in
566 699 644 763 lacti
663 700 891 762 testimouium.
934 699 977 760 uit
998 699 1031 761 in
1052 696 1209 779 Legenda
1229 696 1267 762 S.
1290 695 1358 761 llo-

184 807 303 871 ucdicti
326 805 483 868 habemus
505 804 546 868 de
577 803 715 889 quodam
746 807 854 868 sancti
876 807 938 868 viri
966 801 1172 885 adversario,
1199 802 1358 884 quomodo

184 893 291 975 subito
311 910 462 974 solarium
496 908 612 971 oecidit
640 927 778 993 comque
809 911 973 974 exstinxit.
1016 907 1075 972 Sie
1105 907 1203 968 etiarn
1235 906 1268 968 in
1291 907 1361 970 vito

185 1017 271 1080 boati
299 1013 487 1097 Jerorrymi‚
519 1015 574 1097 qui
615 1014 773 1097 quasdam
817 1013 973 1078 moniales
1004 1020 1190 1076 correxerat
1229 1018 1361 1094 propter

186 1121 393 1186 simoniacam
420 1117 666 1200 juvencularum
696 1121 931 1203 receptionem,
955 1137 1039 1201 quae
1058 1117 1135 1182 dnm
1162 1136 1226 1180 non
1248 1135 1362 1182 ernau-

186 1226 310 1308 darent‚
329 1225 455 1308 aperuit
475 1241 513 1286 se
534 1233 620 1287 terra
644 1232 677 1287 et
698 1225 855 1288 moniales
876 1241 949 1287 curn
971 1225 1165 1288 monasterio
1188 1222 1360 1305 absorpsit.

269 1437 308 1497 ln
328 1440 449 1497 tantam
472 1437 577 1492 autern
600 1429 777 1492 fatuitatem
799 1431 924 1512 antiqui
946 1430 1156 1513 devenerunt,
1177 1439 1213 1494 ut
1235 1437 1362 1512 tempo·

187 1543 276 1604 ribus
309 1539 390 1620 suis,
422 1537 474 1598 sio
504 1534 584 1598 nulli
606 1533 747 1615 dubium,
769 1554 827 1616 pro
859 1532 987 1600 delictis
1014 1537 1187 1617 absorptos
1209 1553 1268 1616 pro
1300 1532 1363 1596 diis
1465 1601 1471 1612 ,

187 1645 341 1708 colerent.
372 1639 458 1702 Naar
480 1639 608 1721 quidam
632 1638 739 1702 dictus
763 1639 982 1722 Amphiaraus
1002 1640 1138 1722 gentilis
1160 1648 1254 1702 vates
1287 1637 1362 1701 door

189 1768 209 1812 a
230 1747 375 1831 principe
395 1753 486 1806 esset
506 1741 547 1804 ad
571 1741 687 1806 bellum
704 1743 891 1807 'l'hebauum
912 1755 1060 1826 vocatus,
1074 1744 1204 1808 oraculo
1226 1744 1363 1826 accepit,

186 1854 222 1916 si
244 1855 307 1914 iret
328 1850 440 1928 vivus,
461 1864 526 1909 nou
548 1845 678 1928 rediret,
694 1847 779 1910 uude
800 1850 833 1910 in
853 1858 977 1912 antrum
1001 1869 1039 1911 so
1060 1847 1228 1913 abscondit
1250 1857 1284 1910 et
1305 1867 1366 1910 oe-

191 1957 268 2020 mini
290 1954 355 2016 nisi
368 1951 462 2014 uxori
483 1968 521 2013 se
539 1951 770 2034 manifestavit,
783 1971 864 2016 uxor
885 1963 991 2018 autern
1013 1973 1033 2017 a
1054 1953 1192 2039 quodam
1211 1952 1364 2016 annulum

90 2108 95 2116 -
194 2063 319 2144 accepit
342 2068 376 2121 et
396 2057 500 2118 virum
521 2053 669 2138 prodidit.
698 2056 783 2118 llum
806 2066 912 2122 autem
935 2061 985 2122 vir
1003 2061 1044 2124 ad
1066 2057 1182 2124 bellurn
1206 2067 1366 2140 pergeret,

193 2167 300 2230 subito
332 2163 502 2224 immersus
535 2169 640 2222 terrae
670 2178 829 2242 nusquam
851 2162 1044 2243 comparuit3
1066 2165 1106 2224 ob
1138 2161 1171 2224 id
1204 2162 1367 2246 antiquit
1502 2151 1507 2160 '

193 2271 255 2334 diis
277 2276 400 2350 raptum
424 2275 581 2348 putavero
601 2266 836 2347 eumqoeioter
856 2265 936 2328 deos
958 2285 1160 2331 recensuere.
1191 2265 1248 2329 Sic
1269 2268 1364 2328 etiarn

192 2375 382 2440 Melitonus
404 2380 436 2433 et
455 2369 529 2432 Yvo
552 2370 693 2451 absorpti
716 2368 759 2431 dii
786 2379 860 2432 sunit
884 2369 961 2432 iacti
990 2371 1140 2452 precibus
1161 2371 1303 2434 Veneris
1325 2370 1366 2436 atl

192 2481 378 2562 Neptunum
408 2476 575 2558 porrectis.
620 2473 720 2556 Puto,
752 2473 838 2557 quod
865 2476 960 2538 etiam
986 2475 1019 2537 iu
1040 2473 1116 2539 liliis
1139 2474 1241 2538 lsrael
1271 2476 1367 2538 luerit

192 2586 247 2648 liic
258 2603 362 2663 error3
385 2600 458 2644 narn
473 2581 632 2662 absorptis
646 2579 765 2662 iniquis
777 2590 847 2642 orta
869 2589 918 2642 est
933 2581 1045 2663 gravis
1060 2580 1238 2662 indignatio
1253 2590 1368 2644 contra

193 2689 334 2769 Moysen
356 2694 387 2746 et
409 2686 591 2763 Aaronem,
613 2682 759 2747 dicentes
781 2685 843 2746 eis:
878 2683 949 2747 Vos
975 2684 1187 2748 interfecistis
1215 2685 1367 2768 populum

193 2793 322 2856 Domini
330 2812 339 2872 3
362 2789 455 2872 quasi
476 2787 625 2850 meliores
646 2797 677 2850 et
700 2790 878 2850 sanctiores
901 2798 1011 2851 essent
1040 2788 1220 2850 interlecti.'
1255 2787 1313 2851 Sic
1335 2801 1368 2850 et

192 2895 330 2960 Romani
352 2894 498 2958 lllarcurn
526 2891 670 2954 Anilium
701 2893 810 2956 diuino
839 2891 928 2955 cultu
959 2894 1197 2955 venerabantur
1223 2912 1281 2976 pro
1314 2913 1365 2977 eo,

193 2998 279 3083 quod
301 3017 339 3061 ae
361 2997 566 3080 praecipitem
590 2995 676 3058 dedit
708 2997 741 3058 in
763 3013 844 3058 suae
866 2998 993 3058 animae
1013 3003 1199 3080 perpetuam
1231 2997 1368 3062 damna·

194 3107 322 3168 tionem.
365 3101 451 3164 Nam
474 3110 633 3183 tempore,
655 3118 719 3182 quo
741 3109 837 3163 iratus
865 3101 926 3163 luit
947 3100 1133 3165 Alexander
1153 3102 1313 3186 Magnus,
1334 3107 1367 3168 in

195 3208 300 3272 medio
321 3206 410 3269 urbis
431 3203 555 3268 llomao
587 3203 658 3267 loco
686 3215 797 3287 aperta
825 3215 874 3269 est
906 3215 991 3269 terra
1022 3215 1055 3270 et
1085 3226 1208 3290 vorago
1233 3209 1369 3291 proluu-

194 3312 329 3376 dissima
352 3309 440 3372 lacta
461 3309 607 3372 flammas
628 3327 671 3374 ex
693 3310 850 3395 profundo
868 3311 976 3375 hiatus
997 3313 1166 3394 eructavit,
1183 3330 1282 3394 snper
1304 3332 1370 3397 qua

196 3437 232 3482 re
249 3418 293 3482 dii
314 3417 503 3499 interrogati
524 3416 771 3499 responderunt,
793 3437 856 3481 uon
884 3416 1099 3480 claudendum
1122 3416 1255 3500 hiatum,
1274 3427 1370 3482 aute·
1489 3487 1499 3505 ,

195 3542 292 3608 quam
313 3521 431 3604 aliquis
452 3540 490 3584 se
511 3523 700 3605 praecipitet
722 3520 904 3585 voluntarie
924 3523 957 3584 in
978 3523 1094 3605 ipsum.
1124 3521 1192 3584 Sed
1214 3541 1287 3586 cum
1309 3524 1371 3588 hoo

197 3627 306 3692 nullus
329 3627 437 3689 lacere
458 3625 568 3708 vellet,
586 3625 720 3708 junonis
740 3626 860 3688 nobilis
880 3636 912 3688 et
934 3625 1079 3688 lascivus
1093 3628 1224 3690 Marcus
1241 3627 1372 3694 Asilius

196 3751 234 3797 se
255 3734 318 3798 hoc
347 3730 505 3794 iacturum
535 3730 672 3794 libenter
700 3729 815 3793 obtulit
843 3731 907 3793 hac
938 3727 1139 3812 conditione,
1161 3741 1195 3794 ut
1230 3751 1288 3815 per
1309 3752 1372 3796 an-

197 3857 273 3902 rrum
293 3841 457 3902 sineretur
488 3835 602 3898 vivere
632 3833 809 3896 secundum
841 3851 933 3894 snam
957 3831 1164 3896 voluntatem.
1209 3832 1282 3914 Quo
1311 3838 1374 3902 sibi

198 3961 357 4006 concesso
392 3951 458 4006 toto
490 3957 575 4002 auno
607 3939 723 4018 rebus,
745 3938 899 4002 uxoribus
933 3945 967 4000 et
999 3938 1128 4002 filiabus
1155 3938 1373 4008 llorrrauorura

197 4049 347 4110 utebatur
364 4045 406 4111 ad
427 4046 550 4108 libitum
572 4053 606 4106 et
627 4063 713 4108 auno
732 4043 845 4126 elapso
865 4051 1009 4106 umatus
1038 4041 1159 4107 sedens
1180 4045 1213 4106 in
1234 4046 1372 4108 nobilis·

198 4152 279 4213 simo
306 4167 391 4232 aquo
420 4149 524 4213 laetus
550 4159 664 4214 contra
691 4149 813 4213 hiatum
840 4146 1046 4210 velocissimo
1075 4165 1173 4210 cursu
1213 4150 1372 4230 processit
1409 4189 1416 4206 .

199 4261 233 4314 et
254 4252 401 4316 bulliens
421 4255 519 4317 vivus
540 4253 582 4316 ad
615 4254 777 4318 infernum
807 4259 843 4314 ut
862 4249 991 4314 llatlrau
1020 4260 1053 4313 et
1073 4249 1206 4314 Abiranr
1231 4251 1373 4315 descen-

200 4354 245 4418 dit
267 4365 300 4418 et
322 4366 453 4439 ruptura
474 4365 578 4420 terrae
599 4356 804 4439 complanata
825 4355 895 4418 luit.

1102 4453 1134 4510 ³t
1148 4452 1164 4490 *
