3202 5218
319 485 414 588 (56
427 489 483 586 a)
509 487 569 564 lle
588 485 786 589 sepulchro
803 487 1038 564 beatissimae
1054 485 1213 587 virginis
1227 485 1273 563 S.
1289 484 1502 566 Catharinae

322 607 436 688 etde
463 607 712 684 sacrosanctis
741 613 825 708 ejus
851 607 1014 708 reliquiis
1049 615 1087 682 et
1111 631 1188 707 quo
1219 607 1354 683 ordine
1386 617 1503 710 osten-

323 727 458 804 duntur
483 726 637 804 dominis
663 729 868 830 peregrinis
893 717 1101 805 christianis
1129 738 1173 805 et
1201 727 1295 828 qnid
1330 726 1439 804 hodie
1460 726 1504 802 sit

327 847 377 926 de
401 847 575 926 miraculo
601 848 692 944 otei,
717 849 813 948 quod
839 849 970 926 dicitur
991 848 1038 924 de
1064 854 1150 948 ejus
1180 847 1313 926 tomba
1339 849 1501 938 effluere,

322 977 362 1046 et
396 967 445 1044 do
488 967 723 1044 translatione
773 970 937 1073 corporis
976 968 1019 1048 S.
1054 967 1291 1047 catharinae
1335 977 1377 1044 et
1417 965 1500 1042 rubo

321 1089 471 1191 Moysis
496 1098 536 1165 et
561 1090 643 1167 aliis
666 1089 760 1166 locis
784 1090 1087 1191 indulgentiarum
1113 1091 1293 1191 ejusdem
1315 1073 1505 1177 eeclesiae,

669 1235 737 1314 per
762 1193 876 1287 totum
904 1221 1014 1314 eaput
1038 1209 1140 1286 illud.

406 1391 471 1457 Die
491 1391 615 1457 XXVI.
643 1393 751 1456 statim
774 1400 938 1456 transacta
959 1389 1066 1456 media
1086 1401 1183 1456 nocte
1222 1391 1316 1456 dicto
1338 1377 1449 1452 officio
1468 1383 1505 1448 ad

324 1497 450 1560 Missas
487 1495 643 1581 legendas
675 1514 736 1560 nos
775 1497 994 1580 disposuimus
1021 1506 1053 1560 et
1088 1497 1210 1560 milites
1244 1492 1439 1558 saeculares
1472 1505 1506 1550 so

324 1600 550 1683 disposuerunt
572 1600 613 1663 ad
635 1618 761 1663 sacram
784 1603 1049 1665 communionem.
1093 1602 1173 1664 Erat
1193 1603 1288 1664 anim
1312 1607 1410 1662 sexta
1432 1594 1506 1656 feria

323 1713 356 1766 et
377 1704 441 1766 alia
463 1702 531 1787 die,
553 1714 587 1767 ut
615 1705 845 1788 sperabamus,
876 1706 1016 1770 instabat
1039 1722 1191 1770 recessus
1227 1713 1359 1767 noster.
1405 1697 1506 1761 Dictis

322 1826 401 1891 orgo
424 1809 587 1872 matutinis
603 1819 634 1872 ot
648 1811 760 1892 primis
782 1810 966 1874 andivimus
986 1810 1119 1874 militum
1137 1811 1309 1874 sociorum
1325 1812 1504 1870 nostmrurt

323 1914 548 1977 consessiones
581 1923 614 1977 et
636 1917 829 1978 successive
850 1917 883 1978 in
906 1917 1031 1999 capella
1066 1925 1177 1978 nostra
1206 1911 1455 1978 celebravimus
1476 1911 1506 1965 et

322 2019 513 2102 peregrinos
536 2019 724 2084 saeculares
745 2039 851 2103 paene
872 2037 984 2084 omnes
1006 2022 1337 2084 communicavimns.
1380 2014 1505 2076 interea

322 2141 395 2187 oum
428 2123 519 2187 clara
552 2125 638 2188 iacta
677 2133 766 2188 esset
802 2125 890 2207 dies,
914 2123 1149 2194 *descendimus
1176 2127 1210 2186 in
1243 2123 1282 2186 S.
1308 2117 1505 2187 catharinae

324 2229 500 2292 eeclesiam
529 2230 569 2292 ad
600 2230 774 2296 videndum
798 2231 869 2312 eJus
892 2245 1004 2291 sacras
1027 2229 1188 2312 reliquias.
1233 2228 1348 2292 Nobis
1370 2240 1449 2305 ergo
1470 2219 1499 2280 io
1589 2301 1591 2310 Ι

322 2333 465 2396 ecclesia
485 2335 723 2398 exsistentibus
743 2336 832 2397 venit
853 2343 945 2417 pater
963 2334 1147 2397 monasterii
1168 2351 1244 2399 onor
1264 2330 1419 2395 omnibus
1437 2321 1503 2384 snis

322 2439 499 2520 monacbis,
521 2447 692 2520 gestantes
713 2440 745 2501 in
766 2440 915 2501 munibus
938 2437 1058 2519 singuli
1079 2437 1235 2501 candelas
1258 2433 1434 2509 ardentes3
1454 2425 1501 2486 sio
1588 2435 1591 2452 ·

323 2551 353 2604 et
376 2558 437 2606 nos
459 2543 620 2625 peregrini
641 2559 753 2605 omnes
783 2541 935 2604 ardentes
957 2560 1071 2604 cereas
1099 2543 1131 2606 in
1156 2543 1308 2604 manibus
1331 2534 1500 2604 imbuimus

323 2653 358 2710 et
376 2647 452 2710 binc
473 2656 503 2710 et
526 2645 602 2708 inde
624 2645 763 2708 tumbam
787 2646 821 2708 S.
845 2648 982 2729 virginis
1015 2647 1300 2710 circumstetimus
1350 2631 1498 2702 Accessit
1589 2631 1590 2654 ¹

322 2769 401 2834 ergo
422 2755 561 2814 sacrista
583 2760 764 2814 conmotus
786 2771 858 2816 cum
881 2753 1029 2816 clavibus
1051 2761 1083 2814 et
1109 2769 1201 2813 scras
1224 2747 1345 2813 tomuli
1364 2748 1498 2806 coriatus

322 2865 371 2918 est
393 2859 536 2940 aperire,
558 2857 616 2920 sed
640 2877 703 2920 non
729 2859 851 2940 potuit,
882 2858 957 2941 qnia
979 2867 1044 2920 tam
1071 2874 1165 2918 serae
1187 2874 1285 2938 quam
1311 2851 1427 2915 claues
1449 2849 1497 2903 tu·

323 2961 432 3024 taliter
453 2964 603 3044 robigine
624 2973 716 3024 erant
748 2962 887 3025 iniectae
909 2972 941 3025 et
963 2961 1189 3043 indispositam,
1222 2960 1357 3023 tandem
1392 2958 1495 3013 aotam

323 3085 397 3130 cunt
420 3066 579 3148 adjutorio
598 3067 732 3130 aliorum
756 3067 887 3129 fratrum
920 3085 1036 3150 magna
1059 3068 1093 3127 vi
1115 3075 1148 3126 et
1169 3065 1279 3128 labore
1302 3076 1398 3126 seras
1419 3067 1495 3136 spe-

321 3178 455 3235 ruerunt
477 3179 512 3234 et
533 3171 674 3233 tumbam
702 3174 788 3232 sacri
819 3172 963 3252 corporis
992 3171 1222 3254 patefecerunt.
1268 3171 1391 3232 Amoto
1421 3169 1494 3235 erg⁰

321 3273 473 3354 operculo
495 3277 626 3337 tumbae
649 3293 825 3338 marmoreo
847 3277 1037 3358 inceperunt
1060 3275 1207 3339 monachi
1230 3283 1369 3336 cantare
1391 3276 1493 3348 qnan-

321 3377 395 3441 dam
417 3379 635 3461 antiphonam,
658 3390 755 3442 catttu
778 3389 810 3440 et
831 3381 941 3442 verbis
962 3382 1102 3463 graecis,
1126 3383 1158 3441 in
1180 3397 1244 3463 quo
1267 3375 1346 3440 nihil
1369 3366 1491 3454 penitus

317 3481 498 3564 intelligere
518 3493 678 3565 poteram,
701 3485 763 3546 nisi
782 3484 919 3567 apostoli
941 3493 977 3545 et
1010 3493 1187 3568 martyrem
1215 3483 1297 3545 baec
1331 3479 1396 3541 dno
1430 3484 1488 3529 ¹¹0·

319 3585 407 3648 mina
438 3587 586 3669 repetitis
619 3590 748 3652 vicibus
777 3590 950 3652 cantabant
981 3591 1066 3651 inter
1097 3586 1177 3670 alia,
1208 3585 1291 3648 idem
1323 3589 1429 3650 autem
1459 3573 1488 3628 vl

318 3691 404 3774 apud
417 3690 562 3756 Graecos
579 3703 611 3758 et
629 3694 713 3778 apud
726 3694 864 3758 Latinos
883 3701 998 3756 sonant
1010 3703 1041 3756 et
1062 3693 1248 3777 significant
1265 3690 1357 3753 etde
1375 3689 1488 3768 graeco

321 3799 356 3860 in
393 3797 525 3861 latinum
561 3809 637 3863 sont
669 3810 825 3863 assumta.
869 3799 968 3862 Porro
1000 3798 1081 3881 ipsis
1113 3782 1319 3860 cantantibus
1353 3779 1485 3856 accessssll

316 3911 408 3986 pater
436 3905 621 3968 monasterii
670 3904 710 3968 ad
740 3905 881 3968 loculum
912 3915 944 3966 et
978 3903 1063 3966 lacta
1093 3901 1251 3985 protunda
1284 3891 1485 3964 inclinatione

324 4006 471 4070 ascendit
494 4008 535 4072 ad
558 4007 716 4090 tumbam,
740 4027 823 4091 quae
845 4010 877 4070 in
899 4007 1004 4072 altiori
1024 4009 1095 4072 loco
1117 4009 1223 4090 posita
1245 4014 1298 4069 est
1325 4013 1359 4068 et
1385 3990 1484 4076 otpl¹⁰

314 4102 348 4174 in
360 4112 500 4174 tumbam
522 4113 674 4176 immerso
687 4111 934 4176 deosculabatur
946 4112 1077 4178 divinae
1097 4113 1276 4194 sapientiae
1289 4096 1483 4194 ganopltyltl·
1583 4177 1586 4194 ⁴

312 4219 414 4301 cium,
446 4233 573 4280 sacrum
595 4217 732 4299 virginis
766 4227 881 4301 caput,
916 4227 949 4280 ct
969 4219 1100 4300 erigens
1132 4217 1245 4279 mansit
1274 4219 1318 4280 ibi
1340 4225 1424 4277 stam
1445 4194 1481 4262 εὖ

315 4332 411 4405 capot
453 4321 592 4408 tumbae.
663 4319 742 4383 Post
781 4342 855 4390 eum
905 4340 1017 4386 omues
1066 4321 1213 4386 tnottaclti
1261 4315 1481 4386 accesseruttlt
