3202 5218
681 288 745 354 ere
801 251 811 269 ’

129 475 248 541 dictum
272 481 324 538 est
350 473 421 538 ll'ol.
444 473 473 537 8.
494 474 537 556 b.,
567 472 609 536 ad
629 493 723 559 quem
756 473 893 557 Moyses
916 473 999 554 fugit
1021 470 1061 534 de
1083 474 1236 557 Aegypto
1262 481 1295 534 et

128 581 224 644 liliam
246 580 320 661 ejus
340 597 474 643 uxorem
497 581 669 661 assumsit,
691 578 795 642 llxodi
817 580 856 640 ll.

212 685 312 748 Porro
331 685 366 747 in
387 700 545 767 processu
576 684 725 746 venimus
748 682 789 745 de
820 681 943 746 deserti
965 681 1070 746 deviis
1099 683 1140 745 ad
1163 683 1296 765 regiam,

128 807 328 854 communem
352 793 386 850 et
407 790 512 851 tritum
536 789 641 872 viam,
661 805 745 871 quae
762 787 849 851 ducit
870 788 911 849 de
932 788 1085 870 Aegypto
1114 805 1241 850 sursum
1263 787 1298 849 in
1367 814 1372 824 ·

129 885 345 959 Palaestinam
366 894 407 955 ed
429 891 604 976 (iazaram,
627 910 646 954 ι
668 911 731 976 quo
749 892 842 974 juxta
863 889 1027 955 Gozarum
1051 891 1297 972 declinavimus,

22 1061 24 1068 ,
129 1008 165 1063 ut
187 1008 275 1085 petet
296 1015 394 1081 supra
418 998 470 1061 tot.
494 999 568 1079 28„
590 998 664 1061 dum
695 1001 728 1061 iu
763 997 926 1060 desertum
949 995 1199 1080 ingrederemur.
1244 996 1296 1058 Ab

131 1104 244 1168 eodem
265 1121 405 1186 namque
428 1104 499 1166 loco
530 1121 634 1186 usqne
661 1104 724 1167 huc
752 1102 990 1165 uullam'viam
1018 1101 1206 1182 habuimus,
1238 1099 1299 1162 sed

22 1261 23 1264 ,
130 1218 226 1272 nocte
253 1225 293 1271 ac
321 1208 374 1270 die
401 1210 542 1271 siderum
569 1209 621 1272 usi
657 1206 833 1271 directione
864 1207 1116 1288 ambulavimus,
1152 1207 1238 1268 sicut
1265 1206 1297 1266 iu

64 1313 67 1318 '
130 1315 210 1374 mori
231 1312 300 1375 lieri
321 1312 413 1375 solet.
436 1313 528 1376 Ultra
551 1313 678 1376 modum
692 1332 771 1376 vero
788 1311 898 1376 laetati
921 1311 1039 1374 ibimus
1060 1312 1093 1374 in
1112 1310 1299 1374 inventione

129 1420 205 1479 viae
223 1426 260 1481 et
282 1415 453 1481 videbatur
473 1418 585 1500 nobis,
619 1416 703 1500 quod
736 1419 769 1480 in
792 1415 944 1478 mundum
967 1416 1218 1478 revenissemus.
1262 1417 1299 1477 ln

129 1539 169 1584 eo
191 1521 262 1584 loco
283 1523 351 1605 via,
372 1540 457 1604 quae
477 1539 606 1585 sursum
629 1521 718 1584 ducit
739 1522 779 1584 ab
801 1520 966 1603 Aegypto,
988 1516 1143 1584 dividitur
1163 1521 1196 1580 in
1218 1517 1299 1581 duas

129 1627 216 1688 vias:
239 1644 303 1689 nna
325 1625 413 1689 ducit
433 1643 562 1688 sursum
583 1645 641 1708 per
658 1628 748 1688 littus
771 1628 868 1687 maris
891 1627 1000 1707 magui
1022 1623 1064 1688 ad
1081 1623 1298 1686 Palaestinam

131 1739 163 1792 ot
186 1729 265 1793 inde
286 1731 318 1793 in
345 1729 504 1794 Judaeum
527 1739 561 1792 et
591 1730 793 1811 Jerusalem,
825 1749 883 1812 per
908 1747 1004 1813 quam
1042 1730 1228 1811 frequenter
1249 1735 1302 1789 est

23 1909 24 1912 Ἴ
131 1835 309 1897 descensus
331 1843 363 1896 et
386 1853 543 1898 ascensus
564 1834 605 1896 de
627 1842 712 1895 terra
733 1842 847 1896 saneta
862 1836 894 1896 in
904 1835 1091 1918 Aegyptum
1115 1841 1150 1896 et
1174 1851 1194 1893 e
1216 1850 1299 1895 eou-

22 2011 24 2024 ,
131 1941 238 2002 trario.
279 1936 355 2001 Alia
377 1939 417 2001 ab
438 1939 593 2022 Aegypto
621 1937 862 2013 ducitsursum
895 1937 936 2000 ιιι
972 1938 1062 2001 littus
1091 1939 1186 2001 maris
1213 1937 1300 2000 rubri

132 2053 165 2106 et
185 2039 317 2104 Madian
351 2050 386 2106 et
411 2043 514 2126 'l'lror,
543 2050 669 2126 portum
705 2042 802 2104 maris
829 2043 934 2125 rubri,
960 2042 1001 2130 de
1023 2062 1086 2126 quo
1107 2042 1225 2107 dietum
1249 2051 1300 2104 est

130 2165 228 2230 supra
250 2145 376 2236 solam.
399 2149 429 2211 b.
458 2151 523 2212 Per
543 2152 630 2211 viam
646 2162 937 2232 ergoeommunem
959 2165 1031 2211 cnm
1049 2145 1169 2210 laetitia
1188 2153 1300 2209 contra

131 2253 316 2335 Aegyptum
328 2253 580 2336 [processimus]
593 2261 625 2315 et
639 2239 747 2352 gavisi
759 2251 888 2334 linimus,
902 2255 1019 2314 iterum
1026 2251 1301 2334 vestigiallomini

22 2367 24 2382 '
128 2358 211 2422 Jesu
230 2359 416 2439 invenisse,
450 2375 524 2420 nam
546 2356 711 2439 perillam
745 2359 832 2421 viam
852 2356 979 2439 Joseph
1013 2357 1105 2420 duxit
1137 2358 1297 2440 virginem

22 2449 24 2456 ’
127 2462 264 2525 Mariam
287 2478 360 2524 oum
392 2479 492 2545 puero
524 2461 606 2524 Jesu
626 2463 660 2524 in
695 2461 880 2545 Aegyptum
909 2476 952 2523 ex
977 2470 1150 2545 praecepto
1180 2461 1299 2545 augeli,

130 2565 248 2634 llattb.
269 2567 309 2628 ll.

145 2701 148 2708 .
215 2668 522 2752 Advesperasoeute
541 2688 619 2752 ergo
640 2669 692 2732 die
714 2671 862 2734 venimus
884 2673 917 2734 iu
935 2664 1101 2734 'desertum
1124 2667 1243 2752 Helim,
1264 2672 1297 2732 iu

22 2759 24 2782 ¹
131 2791 195 2856 qno
207 2773 423 2836 castrametati
436 2782 512 2835 scrut
529 2775 593 2858 (ιι)
606 2774 662 2838 tilii
677 2776 775 2838 lsrael
798 2782 876 2859 post
897 2778 1065 2838 transitum
1084 2778 1182 2839 maria
1204 2776 1299 2857 rubri,

22 2887 23 2892 ’
128 2877 222 2960 juxta
242 2878 307 2939 llll
328 2878 434 2940 fontes
455 2887 487 2940 et
498 2877 592 2940 Lxx
614 2878 748 2962 palmas,
772 2889 809 2942 ut
831 2880 965 2943 babetur
975 2879 1080 2942 Exodi
1105 2881 1152 2942 15.
1176 2879 1298 2941 Verum

22 2987 24 3010 ⁵
131 2998 152 3044 a
174 2980 245 3044 loco
267 2981 399 3044 fontium
423 2982 655 3046 declinavimus
676 2994 707 3046 et
730 2986 824 3047 etiam
848 2983 1013 3066 opubliea
1027 2993 1130 3046 strata
1147 2983 1187 3046 ad
1201 3001 1299 3048 uuum

130 3085 270 3149 milliare
289 3084 432 3149 italicum
459 3087 545 3149 etin
568 3087 640 3150 loeo
659 3088 795 3170 quodam
818 3087 997 3165 immundo,
1032 3106 1127 3171 quem
1150 3091 1299 3152 nomina·

22 3279 23 3288 ἵ
130 3191 210 3253 bant
231 3190 422 3272 Dorondou,
455 3193 594 3254 tentoria
625 3194 763 3256 itximus.
808 3192 968 3258 Currebat
989 3194 1071 3256 enim
1096 3193 1214 3256 humus
1246 3193 1301 3256 illo

130 3294 228 3378 plena
259 3296 448 3359 vermiculis
480 3306 511 3359 et
540 3297 688 3362 bestiolis
720 3309 751 3364 et
774 3299 992 3382 pediculorum
1027 3297 1204 3362 Pharaonis
1236 3317 1300 3361 uon

130 3406 376 3481 eratnumerus,
398 3399 440 3462 de
462 3403 579 3485 quibus
599 3423 698 3489 supra
719 3403 772 3468 t'ol.
794 3403 838 3468 2⁷
862 3403 938 3468 dixi.
966 3404 1172 3468 Maleautem
1186 3417 1300 3488 respe-

130 3506 237 3568 ximus
256 3503 404 3568 Oaliunm
428 3525 485 3586 pro
507 3525 564 3590 eo,
586 3510 672 3592 quod
694 3528 757 3572 non
783 3510 815 3570 in
841 3508 912 3570 loeo
932 3507 1068 3571 lentium
1090 3510 1170 3573 feeit
1192 3517 1302 3572 tento·

130 3609 177 3672 ria
198 3608 270 3690 ligi,
293 3607 354 3670 sed
374 3611 446 3691 ipse
467 3611 699 3676 rationabiliter
719 3615 782 3675 lroc
801 3613 970 3674 excusavit
995 3610 1124 3692 dicens,
1151 3611 1237 3692 quod
1260 3631 1302 3677 ex

130 3730 195 3797 quo
213 3710 369 3775 sitibundi
392 3730 541 3777 essemus
563 3725 598 3796 et
618 3715 758 3795 incensi,
789 3713 818 3776 si
841 3715 927 3776 cirea
948 3732 1051 3796 aquas
1080 3731 1298 3796 moneremus,

130 3833 195 3878 non
226 3833 432 3878 cessaremus
460 3836 480 3879 a
511 3827 590 3900 potu
621 3833 726 3899 usque
754 3816 795 3878 od
829 3815 990 3880 deiectum
1020 3827 1173 3882 nostrum.
1226 3817 1304 3882 Alia

130 3937 241 4003 causa,
253 3923 332 4006 quia
349 3919 444 4003 juxta
464 3939 568 4005 aquas
588 3931 665 3985 sunt
683 3920 821 4004 paludes
839 3931 872 3984 et
893 3923 927 3986 io
947 3920 1013 3984 illts
1030 3921 1202 4006 paludibus
1226 3933 1303 3987 sunt

22 4073 23 4110 3
130 4023 249 4088 induiti
283 4025 405 4090 diversi
438 4027 569 4110 generis
604 4036 791 4110 serpentes,
825 4047 954 4092 vermes
984 4038 1015 4091 et
1045 4029 1197 4114 viperee,
1228 4029 1301 4094 ideo

67 4219 70 4224 Ι
128 4127 218 4188 eirca
237 4147 340 4212 aquas
363 4149 428 4194 nou
447 4131 577 4214 expedit
599 4133 723 4195 morari.
768 4132 843 4196 Alia
865 4153 983 4198 causa:
1020 4134 1149 4198 Arabes
1181 4132 1302 4196 deserti

22 4281 23 4324 ,
130 4229 311 4311 praedones
340 4251 402 4296 sua
435 4236 643 4300 tabernacula
663 4235 767 4320 llgunt
798 4256 898 4321 prope
919 4257 1023 4322 aquas
1044 4248 1077 4302 at
1108 4234 1301 4321 quandoque

22 4417 23 4426 ἵ
132 4333 281 4400 noctibus
302 4339 537 4419 superveniunt
559 4339 683 4406 adloco
703 4359 836 4426 aquoso,
858 4349 890 4403 et
911 4343 941 4404 si
963 4360 1023 4405 nos
1043 4342 1230 4424 reperirent,
1243 4357 1304 4404 nos
