3212 5206
260 434 350 517 vicit,
371 449 469 517 quem
490 447 585 494 nemo
607 429 741 493 vincere
761 431 877 513 potuit,
898 427 1008 498 Judic.
1030 427 1120 492 xvi.
1164 426 1316 492 Vidimus
1337 430 1441 492 etiam

259 541 436 604 latissimos
477 551 610 618 campos
647 543 681 595 et
718 551 815 616 agros
858 541 891 595 et
937 532 1041 596 clivos
1074 531 1117 595 ad
1161 533 1355 596 frumentum
1401 544 1440 598 et

259 644 371 708 vinum
393 638 560 704 ferendum
582 640 786 721 aptissimos,
816 639 849 699 in
878 655 961 719 qrrus
989 637 1076 699 misit
1104 635 1245 700 Samson
1267 645 1436 702 trecentos

259 747 393 830 vulpes,
423 743 560 827 alligans
581 742 733 805 ardentes
756 741 847 804 iaces
867 739 910 804 ad
929 739 1071 820 caudas,
1095 747 1128 802 et
1150 758 1265 803 omnes
1286 751 1436 826 segetes,

257 853 374 916 vineas
395 857 427 911 et
449 847 606 910 denlneas
627 847 814 910 combussit.
856 843 1009 909 Vidimus
1031 847 1129 930 etiam
1151 853 1284 927 atargo
1306 855 1438 910 ruentes

258 953 360 1022 lsrael
380 960 416 1015 et
437 961 513 1014 ante
535 971 596 1015 nos
614 951 756 1014 vidimus
778 967 866 1012 marc
887 949 1164 1012 mediterraneum.
1212 951 1255 1012 Et
1276 951 1330 1012 lris
1351 969 1439 1014 ecn-

258 1058 411 1142 sideratls
444 1055 672 1121 descendimus
709 1064 743 1118 et
774 1072 833 1137 per
864 1063 990 1138 portam
1022 1052 1219 1135 praedictam
1253 1055 1438 1138 reingressi

260 1179 382 1227 sumus.

344 1269 442 1331 Porro
465 1283 529 1328 lltlll
551 1264 650 1346 longe
669 1282 689 1325 a
711 1271 804 1346 porta
824 1269 876 1326 est
894 1276 960 1324 una
988 1262 1196 1324 sarracenice
1223 1261 1378 1334 muschea
1399 1264 1437 1324 in

261 1392 301 1436 sc
331 1373 422 1454 loco,
453 1370 508 1433 nbi
537 1376 682 1451 ternpore
708 1367 880 1430 Samsonis
908 1375 976 1430 erat
999 1364 1160 1448 hospitale
1181 1365 1438 1448 adventantium,

260 1476 355 1557 cujus
377 1474 507 1537 domina
534 1479 605 1534 erat
631 1473 794 1534 meretrix
837 1468 893 1532 Ad
913 1489 1009 1553 qnam
1032 1471 1202 1552 ingressus
1228 1469 1369 1532 Samson
1392 1471 1440 1533 ibi

260 1576 411 1642 dormivit
432 1586 464 1640 et
486 1573 601 1638 eadent
629 1583 725 1637 noete
746 1574 932 1637 clauserunt
953 1574 1119 1637 Philistaei
1141 1583 1254 1657 portas
1282 1575 1436 1657 civitatis,

260 1669 296 1747 tlt
317 1679 509 1744 samsonem
530 1679 565 1742 iu
587 1681 766 1742 crastinum
787 1686 941 1760 caperent
963 1687 996 1742 et
1017 1679 1254 1763 interficerent,
1286 1680 1354 1763 (lt)
1376 1679 1437 1742 sed

259 1790 332 1871 ipse
353 1784 459 1848 medla
480 1793 575 1848 noete
596 1785 739 1848 surrexit
760 1791 793 1847 et
814 1791 926 1866 portas
947 1787 1145 1868 asportavit,
1173 1792 1209 1847 ut
1230 1783 1352 1848 dietum
1373 1795 1436 1850 est.

260 1888 323 1954 His
343 1889 487 1952 vinitatis
512 1898 545 1952 et
566 1889 648 1954 visis
670 1890 795 1952 reversi
816 1905 929 1952 sumus
949 1888 983 1951 in
1005 1889 1110 1952 locum
1133 1897 1296 1974 nostrum,
1326 1891 1438 1973 ibique

261 1995 357 2070 simul
378 1991 586 2057 consedimus
598 2000 632 2055 at
644 1993 818 2075 querulosa
830 1994 961 2056 tristitia
975 1981 1169 2058 contulimus
1184 1992 1226 2056 de
1241 1995 1437 2060 miserandis

261 2097 410 2164 adversis
431 2097 601 2162 Samsonis
628 2103 701 2180 post
732 2106 797 2162 tam
818 2094 1015 2160 ammiranda
1036 2115 1202 2181 prospere.
1244 2099 1309 2161 Per
1330 2117 1437 2183 ange-

263 2203 328 2267 lum
356 2203 475 2288 quippe
494 2201 625 2265 Domini
646 2203 890 2284 praenuntiatus
912 2201 974 2263 ituit
994 2209 1030 2264 et
1051 2202 1243 2267 miraculose
1266 2219 1309 2266 err
1329 2204 1436 2268 sterili
1549 2255 1551 2258 .

262 2315 364 2371 matre
384 2307 582 2388 progenitus,
602 2307 659 2388 qui
680 2321 753 2368 oum
773 2304 965 2367 Nazaraeos
987 2316 1088 2384 essm,
1111 2325 1235 2370 comam
1258 2307 1320 2371 Dei
1338 2309 1435 2390 jussu

103 2400 108 2410 ’
247 2427 401 2493 ,servans
418 2417 451 2472 et
471 2411 533 2472 sibi
555 2427 574 2470 a
594 2411 702 2471 sicera
721 2425 846 2472 cavens
867 2417 900 2472 et
918 2409 997 2472 vino
1019 2413 1053 2472 lu
1066 2410 1211 2474 floridam
1231 2410 1435 2492 juventutem

264 2521 365 2597 atque
396 2513 615 2596 praevalidam
648 2521 682 2575 et
711 2505 928 2577 admirabilem
961 2516 1087 2577 eunctis
1119 2518 1274 2581 excrevit.
1331 2503 1435 2602 Cujus

265 2617 454 2702 multiplicia
481 2617 623 2700 bisiguia
645 2617 842 2682 fortitudinis
867 2637 961 2682 sacra
989 2617 1142 2683 Judicnm
1164 2621 1269 2702 prodit
1290 2623 1434 2688 historia.

264 2723 359 2790 Unde
377 2720 480 2805 judex
501 2723 616 2784 summi
639 2723 849 2805 magistratus
871 2723 957 2806 apud
977 2723 1038 2786 Dei
1059 2723 1210 2807 pupulum
1230 2722 1330 2786 lsrael
1352 2739 1436 2787 eon-

264 2831 397 2894 stitntus
419 2835 480 2909 est,
503 2845 564 2889 nee
589 2825 769 2910 deitrernn't,
790 2829 845 2910 qui
860 2829 986 2891 leonem
1008 2845 1029 2890 a
1049 2845 1088 2891 se
1108 2831 1252 2892 occisum
1273 2828 1435 2891 Nemeum

265 2933 408 2999 dicerent
429 2930 646 2994 etHercnlem
666 2934 897 2996 arbitrarentur
911 2931 1120 3016 Samsonem,
1141 2933 1436 2996 deiudeetsiaffir-

264 3059 349 3106 mern
383 3036 621 3100 contradixisse
653 3039 764 3100 nescio
798 3035 873 3118 quid
910 3037 1054 3100 resultet.
1108 3036 1176 3100 Sed
1207 3036 1284 3121 qnid
1318 3033 1435 3101 tauta?

263 3143 387 3226 Magna
407 3141 491 3204 haec
510 3147 613 3221 erant,
635 3143 700 3203 imo
721 3141 920 3222 permaxima
940 3140 980 3226 ad
1002 3141 1124 3223 gloriae
1146 3143 1270 3225 apicem
1284 3141 1435 3205 obtinea-

264 3249 348 3328 dam,
373 3263 468 3328 quarn
490 3243 607 3306 bacin
627 3245 696 3305 vita
718 3243 901 3307 felicitatem
924 3247 1123 3328 arbitramur,
1144 3247 1249 3330 inscii,
1270 3245 1356 3331 quod
1379 3249 1435 3331 qui

263 3353 389 3416 leonem
416 3351 449 3412 iu
481 3349 581 3411 crinis
601 3347 821 3429 strangulare,
850 3352 905 3433 qni
927 3350 1057 3412 maxilla
1079 3352 1162 3414 uini
1183 3352 1330 3414 homines
1350 3367 1434 3416 cou-

263 3465 383 3538 terere,
417 3453 450 3516 vi
472 3451 620 3514 revulsas
642 3468 684 3514 ex
705 3449 892 3516 cardinibus
921 3453 1038 3518 valvas
1060 3457 1093 3517 ln
1115 3455 1270 3520 montium
1292 3458 1434 3520 vertices
1462 3479 1474 3506 ·

263 3568 432 3645 asportare
456 3565 622 3640 potuerat,
654 3555 707 3620 bio
735 3556 893 3622 lubricum
917 3561 1064 3624 fortunae
1097 3559 1207 3623 ludum
1230 3562 1347 3624 sistere
1368 3577 1434 3624 non

106 3741 115 3756 .
252 3667 373 3750 ‚potnit
418 3662 504 3725 Naru
526 3677 599 3724 euru
621 3662 683 3724 ribi
703 3663 834 3725 nimium
856 3663 1031 3726 confideret
1052 3674 1086 3728 et
1106 3663 1342 3727 meretriculam
1358 3665 1432 3726 ne

262 3767 360 3833 lidum
381 3768 561 3850 adamaret,
590 3787 608 3828 a
629 3765 716 3830 dctis
736 3767 808 3849 eius
828 3767 969 3832 lacrimis
988 3778 1020 3831 et
1041 3769 1153 3833 verbis
1174 3767 1301 3832 blandis
1326 3775 1433 3832 motus

263 3887 301 3934 se
327 3868 551 3953 decipiendum
572 3868 704 3935 tradidit
731 3871 834 3942 ferox.
875 3871 970 3937 Unde
1002 3873 1172 3938 dormienti
1193 3875 1319 3953 crines,
1348 3888 1433 3956 quas

262 3977 334 4058 ipse
354 3993 375 4037 a
396 3975 568 4038 nativitate
578 3975 717 4039 intactas
738 3963 940 4062 servaverat,
961 3978 1076 4042 mulier
1091 3980 1223 4042 abstulit
1234 3987 1270 4040 et
1284 3977 1433 4041 effoemi-

194 4105 199 4112 ·
234 4087 373 4142 ‘natum
393 4081 427 4142 in
448 4079 595 4142 manibus
616 4081 757 4144 hostium
776 4083 974 4148 illudendum
996 4084 1178 4165 concessit,
1209 4083 1262 4149 eni
1290 4081 1434 4148 effodere

262 4185 375 4248 oculos
394 4189 429 4246 et
450 4182 613 4246 intrusere
635 4188 828 4272 carceribus,
850 4187 1022 4270 defatigari
1042 4185 1257 4268 jumentorum
1281 4186 1432 4251 moreaul

261 4289 365 4358 malas
386 4289 571 4353 manuarias
592 4287 740 4372 coegere.
773 4291 833 4358 Sic
850 4293 994 4358 adverse
1012 4291 1198 4375 credulitas,
1220 4294 1270 4358 sic
1290 4292 1433 4358 amantis
