<?xml version="1.0" encoding="UTF-8"?>
<!DOCTYPE html PUBLIC "-//W3C//DTD XHTML 1.0 Transitional//EN"
    "http://www.w3.org/TR/xhtml1/DTD/xhtml1-transitional.dtd">
<html xmlns="http://www.w3.org/1999/xhtml" xml:lang="en" lang="en">
 <head>
  <title>
</title>
<meta http-equiv="Content-Type" content="text/html;charset=utf-8" />
  <meta name='ocr-system' content='tesseract 3.04.00' />
  <meta name='ocr-capabilities' content='ocr_page ocr_carea ocr_par ocr_line ocrx_word'/>
</head>
<body>
  <div class='ocr_page' id='page_1' title='image "./fratrisfelicisf04fabrgoog_0133.png"; bbox 0 0 3204 5216; ppageno 0'>
   <div class='ocr_carea' id='block_1_1' title="bbox 729 315 790 380">
    <p class='ocr_par' dir='ltr' id='par_1_1' title="bbox 729 315 790 380">
     <span class='ocr_line' id='line_1_1' title="bbox 729 315 790 380; baseline 0 0"><span class='ocrx_word' id='word_1_1' title='bbox 729 315 790 380; x_wconf 80' lang='lat' dir='ltr'><strong>tat</strong></span> 
     </span>
    </p>
   </div>
   <div class='ocr_carea' id='block_1_2' title="bbox 169 493 1346 586">
    <p class='ocr_par' dir='ltr' id='par_1_2' title="bbox 169 493 1346 586">
     <span class='ocr_line' id='line_1_2' title="bbox 169 493 1346 586; baseline -0.002 -24"><span class='ocrx_word' id='word_1_2' title='bbox 169 509 202 564; x_wconf 88' lang='lat' dir='ltr'><strong>et</strong></span> <span class='ocrx_word' id='word_1_3' title='bbox 220 495 399 563; x_wconf 83' lang='lat' dir='ltr'><strong>secuudum</strong></span> <span class='ocrx_word' id='word_1_4' title='bbox 422 499 510 563; x_wconf 88' lang='lat' dir='ltr'><strong>illam</strong></span> <span class='ocrx_word' id='word_1_5' title='bbox 531 498 770 586; x_wconf 82' lang='lat' dir='ltr'><strong>ampliatiopem</strong></span> <span class='ocrx_word' id='word_1_6' title='bbox 786 493 1016 582; x_wconf 87' lang='lat' dir='ltr'><strong>praedictiduo</strong></span> <span class='ocrx_word' id='word_1_7' title='bbox 1033 493 1217 579; x_wconf 76' lang='lat' dir='ltr'><strong>philosophi</strong></span> <span class='ocrx_word' id='word_1_8' title='bbox 1228 514 1346 580; x_wconf 88' lang='lat' dir='ltr'><strong>snper·</strong></span> 
     </span>
    </p>
   </div>
   <div class='ocr_carea' id='block_1_3' title="bbox 34 600 1345 691">
    <p class='ocr_par' dir='ltr' id='par_1_3' title="bbox 34 600 1345 691">
     <span class='ocr_line' id='line_1_3' title="bbox 34 600 1345 691; baseline -0.004 -22"><span class='ocrx_word' id='word_1_9' title='bbox 34 623 36 648; x_wconf 67' lang='lat'>³</span> <span class='ocrx_word' id='word_1_10' title='bbox 168 615 281 668; x_wconf 74' lang='lat' dir='ltr'><strong>serrum</strong></span> <span class='ocrx_word' id='word_1_11' title='bbox 303 603 377 685; x_wconf 81' lang='lat' dir='ltr'><strong>ejus</strong></span> <span class='ocrx_word' id='word_1_12' title='bbox 397 604 552 691; x_wconf 88' lang='lat' dir='ltr'><strong>terminos</strong></span> <span class='ocrx_word' id='word_1_13' title='bbox 575 612 609 666; x_wconf 83' lang='lat' dir='ltr'><strong>et</strong></span> <span class='ocrx_word' id='word_1_14' title='bbox 632 619 823 666; x_wconf 86' lang='lat' dir='ltr'><strong>mensnram.</strong></span> <span class='ocrx_word' id='word_1_15' title='bbox 867 601 931 666; x_wconf 92' lang='lat' dir='ltr'><strong>Vel</strong></span> <span class='ocrx_word' id='word_1_16' title='bbox 960 601 989 663; x_wconf 92' lang='lat' dir='ltr'><strong>si</strong></span> <span class='ocrx_word' id='word_1_17' title='bbox 1010 609 1086 663; x_wconf 82' lang='lat' dir='ltr'><strong>rnte</strong></span> <span class='ocrx_word' id='word_1_18' title='bbox 1107 600 1345 683; x_wconf 67' lang='lat' dir='ltr'><strong>ampliationem</strong></span> 
     </span>
    </p>
   </div>
   <div class='ocr_carea' id='block_1_4' title="bbox 101 704 1349 1834">
    <p class='ocr_par' dir='ltr' id='par_1_4' title="bbox 101 704 1349 1834">
     <span class='ocr_line' id='line_1_4' title="bbox 171 704 1345 792; baseline -0.003 -19"><span class='ocrx_word' id='word_1_19' title='bbox 171 710 390 792; x_wconf 87' lang='lat' dir='ltr'><strong>seripserunt,</strong></span> <span class='ocrx_word' id='word_1_20' title='bbox 412 708 618 772; x_wconf 89' lang='lat' dir='ltr'><strong>contulerunt</strong></span> <span class='ocrx_word' id='word_1_21' title='bbox 638 714 781 771; x_wconf 86' lang='lat' dir='ltr'><strong>montem</strong></span> <span class='ocrx_word' id='word_1_22' title='bbox 800 707 893 790; x_wconf 84' lang='lat' dir='ltr'><strong>Syou</strong></span> <span class='ocrx_word' id='word_1_23' title='bbox 915 705 1052 786; x_wconf 89' lang='lat' dir='ltr'><strong>civitati,</strong></span> <span class='ocrx_word' id='word_1_24' title='bbox 1074 704 1345 790; x_wconf 80' lang='lat' dir='ltr'><strong>qnemdosephus</strong></span> 
     </span>
     <span class='ocr_line' id='line_1_5' title="bbox 170 799 1344 882; baseline -0.003 -4"><span class='ocrx_word' id='word_1_25' title='bbox 170 835 236 878; x_wconf 90' lang='lat' dir='ltr'><strong>uon</strong></span> <span class='ocrx_word' id='word_1_26' title='bbox 274 799 411 882; x_wconf 82' lang='lat' dir='ltr'><strong>includit</strong></span> <span class='ocrx_word' id='word_1_27' title='bbox 444 831 525 876; x_wconf 87' lang='lat' dir='ltr'><strong>suae</strong></span> <span class='ocrx_word' id='word_1_28' title='bbox 560 814 803 877; x_wconf 88' lang='lat' dir='ltr'><strong>mensnratloui.</strong></span> <span class='ocrx_word' id='word_1_29' title='bbox 857 810 1055 880; x_wconf 89' lang='lat' dir='ltr'><strong>lncludendo</strong></span> <span class='ocrx_word' id='word_1_30' title='bbox 1086 811 1169 874; x_wconf 89' lang='lat' dir='ltr'><strong>enim</strong></span> <span class='ocrx_word' id='word_1_31' title='bbox 1202 818 1344 874; x_wconf 86' lang='lat' dir='ltr'><strong>montem</strong></span> 
     </span>
     <span class='ocr_line' id='line_1_6' title="bbox 171 912 1346 1001; baseline 0 -20"><span class='ocrx_word' id='word_1_32' title='bbox 171 918 266 1001; x_wconf 85' lang='lat' dir='ltr'><strong>Syon</strong></span> <span class='ocrx_word' id='word_1_33' title='bbox 287 935 360 990; x_wconf 84' lang='lat' dir='ltr'><strong>cnm</strong></span> <span class='ocrx_word' id='word_1_34' title='bbox 383 912 687 988; x_wconf 81' lang='lat' dir='ltr'><strong>monte&#39;Caivarire</strong></span> <span class='ocrx_word' id='word_1_35' title='bbox 716 927 749 978; x_wconf 88' lang='lat' dir='ltr'><strong>et</strong></span> <span class='ocrx_word' id='word_1_36' title='bbox 772 917 947 1001; x_wconf 84' lang='lat' dir='ltr'><strong>Golgatha,</strong></span> <span class='ocrx_word' id='word_1_37' title='bbox 965 916 1011 980; x_wconf 58' lang='lat' dir='ltr'><strong>&#39;flt</strong></span> <span class='ocrx_word' id='word_1_38' title='bbox 1041 916 1182 979; x_wconf 88' lang='lat' dir='ltr'><strong>circulus</strong></span> <span class='ocrx_word' id='word_1_39' title='bbox 1212 915 1346 999; x_wconf 86' lang='lat' dir='ltr'><strong>grandis</strong></span> 
     </span>
     <span class='ocr_line' id='line_1_7' title="bbox 171 1021 1347 1104; baseline -0.002 -18"><span class='ocrx_word' id='word_1_40' title='bbox 171 1025 206 1086; x_wconf 90' lang='lat' dir='ltr'><strong>in</strong></span> <span class='ocrx_word' id='word_1_41' title='bbox 228 1021 499 1096; x_wconf 68' lang='lat' dir='ltr'><strong>circumferentia,</strong></span> <span class='ocrx_word' id='word_1_42' title='bbox 520 1041 585 1086; x_wconf 90' lang='lat' dir='ltr'><strong>non</strong></span> <span class='ocrx_word' id='word_1_43' title='bbox 606 1021 719 1104; x_wconf 87' lang='lat' dir='ltr'><strong>minor,</strong></span> <span class='ocrx_word' id='word_1_44' title='bbox 739 1040 835 1103; x_wconf 91' lang='lat' dir='ltr'><strong>quam</strong></span> <span class='ocrx_word' id='word_1_45' title='bbox 857 1023 1020 1086; x_wconf 84' lang='lat' dir='ltr'><strong>contineat</strong></span> <span class='ocrx_word' id='word_1_46' title='bbox 1038 1022 1203 1102; x_wconf 80' lang='lat' dir='ltr'><strong>Augusta,</strong></span> <span class='ocrx_word' id='word_1_47' title='bbox 1227 1021 1347 1084; x_wconf 89' lang='lat' dir='ltr'><strong>civitas</strong></span> 
     </span>
     <span class='ocr_line' id='line_1_8' title="bbox 174 1108 1346 1216; baseline -0.003 -26"><span class='ocrx_word' id='word_1_48' title='bbox 174 1125 368 1209; x_wconf 85' lang='lat' dir='ltr'><strong>Snevornm,</strong></span> <span class='ocrx_word' id='word_1_49' title='bbox 389 1144 473 1216; x_wconf 80' lang='lat' dir='ltr'><strong>quae</strong></span> <span class='ocrx_word' id='word_1_50' title='bbox 494 1127 578 1189; x_wconf 88' lang='lat' dir='ltr'><strong>inter</strong></span> <span class='ocrx_word' id='word_1_51' title='bbox 598 1113 735 1208; x_wconf 79' lang='lat' dir='ltr'><strong>mt&#39;tgnas</strong></span> <span class='ocrx_word' id='word_1_52' title='bbox 750 1124 947 1190; x_wconf 73' lang='lat' dir='ltr'><strong>Germaniae</strong></span> <span class='ocrx_word' id='word_1_53' title='bbox 968 1113 1119 1189; x_wconf 79' lang='lat' dir='ltr'><strong>civitates</strong></span> <span class='ocrx_word' id='word_1_54' title='bbox 1136 1108 1346 1207; x_wconf 80' lang='lat' dir='ltr'><strong>computatur.</strong></span> 
     </span>
     <span class='ocr_line' id='line_1_9' title="bbox 175 1215 1348 1313; baseline -0.003 -17"><span class='ocrx_word' id='word_1_55' title='bbox 175 1215 270 1310; x_wconf 75' lang='lat' dir='ltr'><strong>Quod</strong></span> <span class='ocrx_word' id='word_1_56' title='bbox 291 1239 400 1294; x_wconf 87' lang='lat' dir='ltr'><strong>tamen</strong></span> <span class='ocrx_word' id='word_1_57' title='bbox 420 1230 651 1313; x_wconf 78' lang='lat' dir='ltr'><strong>contemplanti</strong></span> <span class='ocrx_word' id='word_1_58' title='bbox 672 1229 713 1293; x_wconf 88' lang='lat' dir='ltr'><strong>de</strong></span> <span class='ocrx_word' id='word_1_59' title='bbox 733 1230 978 1296; x_wconf 81' lang='lat' dir='ltr'><strong>in&#39;onte‘olivetl</strong></span> <span class='ocrx_word' id='word_1_60' title='bbox 991 1231 1153 1293; x_wconf 79' lang='lat' dir='ltr'><strong>civitatem</strong></span> <span class='ocrx_word' id='word_1_61' title='bbox 1165 1230 1348 1293; x_wconf 73' lang='lat' dir='ltr'><strong>Jerusalem</strong></span> 
     </span>
     <span class='ocr_line' id='line_1_10' title="bbox 175 1335 1349 1428; baseline 0 -30"><span class='ocrx_word' id='word_1_62' title='bbox 175 1355 241 1401; x_wconf 87' lang='lat' dir='ltr'><strong>non</strong></span> <span class='ocrx_word' id='word_1_63' title='bbox 266 1335 405 1416; x_wconf 90' lang='lat' dir='ltr'><strong>videtur,</strong></span> <span class='ocrx_word' id='word_1_64' title='bbox 427 1353 500 1398; x_wconf 87' lang='lat' dir='ltr'><strong>cunr</strong></span> <span class='ocrx_word' id='word_1_65' title='bbox 522 1336 566 1397; x_wconf 88' lang='lat' dir='ltr'><strong>sit</strong></span> <span class='ocrx_word' id='word_1_66' title='bbox 587 1337 652 1397; x_wconf 81' lang='lat' dir='ltr'><strong>site</strong></span> <span class='ocrx_word' id='word_1_67' title='bbox 672 1335 706 1397; x_wconf 92' lang='lat' dir='ltr'><strong>in</strong></span> <span class='ocrx_word' id='word_1_68' title='bbox 726 1335 797 1428; x_wconf 79' lang='lat' dir='ltr'><strong>loco</strong></span> <span class='ocrx_word' id='word_1_69' title='bbox 819 1335 993 1418; x_wconf 76' lang='lat' dir='ltr'><strong>inaequali,</strong></span> <span class='ocrx_word' id='word_1_70' title='bbox 1011 1354 1074 1397; x_wconf 90' lang='lat' dir='ltr'><strong>non</strong></span> <span class='ocrx_word' id='word_1_71' title='bbox 1093 1336 1211 1424; x_wconf 28' lang='lat' dir='ltr'><strong>,plauo,</strong></span> <span class='ocrx_word' id='word_1_72' title='bbox 1234 1343 1266 1396; x_wconf 90' lang='lat' dir='ltr'><strong>et</strong></span> <span class='ocrx_word' id='word_1_73' title='bbox 1287 1335 1349 1398; x_wconf 87' lang='lat' dir='ltr'><strong>ha·</strong></span> 
     </span>
     <span class='ocr_line' id='line_1_11' title="bbox 101 1437 1347 1522; baseline 0.001 -22"><span class='ocrx_word' id='word_1_74' title='bbox 101 1495 104 1500; x_wconf 88' lang='lat'>.</span> <span class='ocrx_word' id='word_1_75' title='bbox 173 1441 250 1502; x_wconf 86' lang='lat' dir='ltr'><strong>beet</strong></span> <span class='ocrx_word' id='word_1_76' title='bbox 271 1439 372 1502; x_wconf 90' lang='lat' dir='ltr'><strong>multa</strong></span> <span class='ocrx_word' id='word_1_77' title='bbox 393 1440 511 1522; x_wconf 88' lang='lat' dir='ltr'><strong>spatia,</strong></span> <span class='ocrx_word' id='word_1_78' title='bbox 533 1455 616 1522; x_wconf 79' lang='lat' dir='ltr'><strong>quse</strong></span> <span class='ocrx_word' id='word_1_79' title='bbox 637 1438 740 1518; x_wconf 88' lang='lat' dir='ltr'><strong>videri</strong></span> <span class='ocrx_word' id='word_1_80' title='bbox 762 1459 825 1502; x_wconf 87' lang='lat' dir='ltr'><strong>non</strong></span> <span class='ocrx_word' id='word_1_81' title='bbox 838 1450 984 1521; x_wconf 86' lang='lat' dir='ltr'><strong>possunt.</strong></span> <span class='ocrx_word' id='word_1_82' title='bbox 1032 1439 1117 1502; x_wconf 88' lang='lat' dir='ltr'><strong>Nam</strong></span> <span class='ocrx_word' id='word_1_83' title='bbox 1140 1437 1347 1522; x_wconf 85' lang='lat' dir='ltr'><strong>monsSyon,</strong></span> 
     </span>
     <span class='ocr_line' id='line_1_12' title="bbox 174 1527 1348 1627; baseline -0.001 -21"><span class='ocrx_word' id='word_1_84' title='bbox 174 1563 235 1626; x_wconf 84' lang='lat' dir='ltr'><strong>per</strong></span> <span class='ocrx_word' id='word_1_85' title='bbox 256 1561 294 1606; x_wconf 89' lang='lat' dir='ltr'><strong>se</strong></span> <span class='ocrx_word' id='word_1_86' title='bbox 314 1542 415 1626; x_wconf 90' lang='lat' dir='ltr'><strong>solus,</strong></span> <span class='ocrx_word' id='word_1_87' title='bbox 438 1563 508 1607; x_wconf 87' lang='lat' dir='ltr'><strong>nou·</strong></span> <span class='ocrx_word' id='word_1_88' title='bbox 525 1560 659 1626; x_wconf 87' lang='lat' dir='ltr'><strong>parvam</strong></span> <span class='ocrx_word' id='word_1_89' title='bbox 682 1527 846 1608; x_wconf 73' lang='lat' dir='ltr'><strong>civit&#39;atem</strong></span> <span class='ocrx_word' id='word_1_90' title='bbox 869 1545 1065 1627; x_wconf 80' lang='lat' dir='ltr'><strong>contineret,</strong></span> <span class='ocrx_word' id='word_1_91' title='bbox 1087 1546 1116 1608; x_wconf 86' lang='lat' dir='ltr'><strong>si</strong></span> <span class='ocrx_word' id='word_1_92' title='bbox 1138 1553 1228 1608; x_wconf 90' lang='lat' dir='ltr'><strong>esset</strong></span> <span class='ocrx_word' id='word_1_93' title='bbox 1256 1543 1348 1607; x_wconf 86' lang='lat' dir='ltr'><strong>aedi-</strong></span> 
     </span>
     <span class='ocr_line' id='line_1_13' title="bbox 173 1647 1349 1728; baseline 0 -16"><span class='ocrx_word' id='word_1_94' title='bbox 173 1649 292 1712; x_wconf 84' lang='lat' dir='ltr'><strong>lieatns</strong></span> <span class='ocrx_word' id='word_1_95' title='bbox 312 1649 398 1711; x_wconf 89' lang='lat' dir='ltr'><strong>sient</strong></span> <span class='ocrx_word' id='word_1_96' title='bbox 416 1647 495 1728; x_wconf 84' lang='lat' dir='ltr'><strong>init,</strong></span> <span class='ocrx_word' id='word_1_97' title='bbox 519 1656 556 1710; x_wconf 89' lang='lat' dir='ltr'><strong>ut</strong></span> <span class='ocrx_word' id='word_1_98' title='bbox 576 1647 688 1710; x_wconf 84' lang='lat' dir='ltr'><strong>rrrinae</strong></span> <span class='ocrx_word' id='word_1_99' title='bbox 708 1648 833 1712; x_wconf 81' lang='lat' dir='ltr'><strong>docent.</strong></span> <span class='ocrx_word' id='word_1_100' title='bbox 857 1652 910 1713; x_wconf 88' lang='lat' dir='ltr'><strong>De</strong></span> <span class='ocrx_word' id='word_1_101' title='bbox 931 1651 992 1714; x_wconf 87' lang='lat' dir='ltr'><strong>hae</strong></span> <span class='ocrx_word' id='word_1_102' title='bbox 1014 1650 1147 1714; x_wconf 85' lang='lat' dir='ltr'><strong>civitate</strong></span> <span class='ocrx_word' id='word_1_103' title='bbox 1166 1648 1243 1712; x_wconf 88' lang='lat' dir='ltr'><strong>vide</strong></span> <span class='ocrx_word' id='word_1_104' title='bbox 1265 1648 1349 1712; x_wconf 84' lang='lat' dir='ltr'><strong>inira</strong></span> 
     </span>
     <span class='ocr_line' id='line_1_14' title="bbox 175 1751 753 1834; baseline -0.002 -18"><span class='ocrx_word' id='word_1_105' title='bbox 175 1751 428 1834; x_wconf 77' lang='lat' dir='ltr'><strong>descriptionem</strong></span> <span class='ocrx_word' id='word_1_106' title='bbox 452 1751 505 1815; x_wconf 87' lang='lat' dir='ltr'><strong>iol.</strong></span> <span class='ocrx_word' id='word_1_107' title='bbox 528 1751 592 1816; x_wconf 59' lang='lat' dir='ltr'><strong>§bb</strong></span> <span class='ocrx_word' id='word_1_108' title='bbox 612 1753 649 1816; x_wconf 87' lang='lat' dir='ltr'><strong>B.</strong></span> <span class='ocrx_word' id='word_1_109' title='bbox 750 1825 753 1832; x_wconf 25' lang='lat'>¹</span> 
     </span>
    </p>
   </div>
   <div class='ocr_carea' id='block_1_5' title="bbox 178 1929 1348 2212">
    <p class='ocr_par' dir='ltr' id='par_1_5' title="bbox 178 1929 1348 2212">
     <span class='ocr_line' id='line_1_15' title="bbox 178 1929 1348 2090; baseline -0.011 -19"><span class='ocrx_word' id='word_1_110' title='bbox 178 1990 266 2089; x_wconf 80' lang='lat' dir='ltr'><strong>(tr)</strong></span> <span class='ocrx_word' id='word_1_111' title='bbox 293 1991 352 2064; x_wconf 80' lang='lat' dir='ltr'><strong>lte</strong></span> <span class='ocrx_word' id='word_1_112' title='bbox 388 1995 515 2085; x_wconf 83' lang='lat' dir='ltr'><strong>quarto</strong></span> <span class='ocrx_word' id='word_1_113' title='bbox 552 1985 720 2084; x_wconf 82' lang='lat' dir='ltr'><strong>ingressu</strong></span> <span class='ocrx_word' id='word_1_114' title='bbox 751 1929 971 2062; x_wconf 82' lang='lat' dir='ltr'><strong>dominorum</strong></span> <span class='ocrx_word' id='word_1_115' title='bbox 1009 1975 1277 2090; x_wconf 64' lang='lat' dir='ltr'><strong>peregriniqom</strong></span> <span class='ocrx_word' id='word_1_116' title='bbox 1312 1987 1348 2059; x_wconf 91' lang='lat' dir='ltr'><strong>in</strong></span> 
     </span>
     <span class='ocr_line' id='line_1_16' title="bbox 524 2104 1003 2212; baseline -0.002 -33"><span class='ocrx_word' id='word_1_117' title='bbox 524 2104 738 2182; x_wconf 91' lang='lat' dir='ltr'><strong>dominicum</strong></span> <span class='ocrx_word' id='word_1_118' title='bbox 764 2107 1003 2212; x_wconf 82' lang='lat' dir='ltr'><strong>sepolchrum.</strong></span> 
     </span>
    </p>
   </div>
   <div class='ocr_carea' id='block_1_6' title="bbox 92 2287 1448 4476">
    <p class='ocr_par' dir='ltr' id='par_1_6' title="bbox 178 2287 1448 3844">
     <span class='ocr_line' id='line_1_17' title="bbox 261 2287 1349 2372; baseline -0.004 -18"><span class='ocrx_word' id='word_1_119' title='bbox 261 2293 372 2354; x_wconf 81' lang='lat' dir='ltr'><strong>&#39;liertia</strong></span> <span class='ocrx_word' id='word_1_120' title='bbox 393 2287 456 2370; x_wconf 89' lang='lat' dir='ltr'><strong>die,</strong></span> <span class='ocrx_word' id='word_1_121' title='bbox 479 2305 564 2372; x_wconf 91' lang='lat' dir='ltr'><strong>qnae</strong></span> <span class='ocrx_word' id='word_1_122' title='bbox 585 2297 636 2350; x_wconf 87' lang='lat' dir='ltr'><strong>est</strong></span> <span class='ocrx_word' id='word_1_123' title='bbox 655 2287 853 2352; x_wconf 87' lang='lat' dir='ltr'><strong>inventionis</strong></span> <span class='ocrx_word' id='word_1_124' title='bbox 868 2287 903 2351; x_wconf 87' lang='lat' dir='ltr'><strong>S.</strong></span> <span class='ocrx_word' id='word_1_125' title='bbox 918 2287 1084 2370; x_wconf 74' lang='lat' dir='ltr'><strong>Stephani,</strong></span> <span class='ocrx_word' id='word_1_126' title='bbox 1108 2299 1140 2351; x_wconf 91' lang='lat' dir='ltr'><strong>et</strong></span> <span class='ocrx_word' id='word_1_127' title='bbox 1153 2298 1222 2351; x_wconf 90' lang='lat' dir='ltr'><strong>erat</strong></span> <span class='ocrx_word' id='word_1_128' title='bbox 1244 2287 1349 2351; x_wconf 87' lang='lat' dir='ltr'><strong>domi-</strong></span> 
     </span>
     <span class='ocr_line' id='line_1_18' title="bbox 182 2393 1349 2478; baseline -0.005 -17"><span class='ocrx_word' id='word_1_129' title='bbox 182 2401 259 2461; x_wconf 88' lang='lat' dir='ltr'><strong>nica</strong></span> <span class='ocrx_word' id='word_1_130' title='bbox 280 2396 312 2458; x_wconf 86' lang='lat' dir='ltr'>X</span> <span class='ocrx_word' id='word_1_131' title='bbox 340 2403 416 2478; x_wconf 87' lang='lat' dir='ltr'><strong>post</strong></span> <span class='ocrx_word' id='word_1_132' title='bbox 436 2394 623 2476; x_wconf 76' lang='lat' dir='ltr'><strong>Trinitatis,</strong></span> <span class='ocrx_word' id='word_1_133' title='bbox 644 2395 678 2455; x_wconf 89' lang='lat' dir='ltr'><strong>in</strong></span> <span class='ocrx_word' id='word_1_134' title='bbox 699 2411 774 2456; x_wconf 88' lang='lat' dir='ltr'><strong>sero</strong></span> <span class='ocrx_word' id='word_1_135' title='bbox 795 2394 946 2457; x_wconf 78' lang='lat' dir='ltr'><strong>sabbathi</strong></span> <span class='ocrx_word' id='word_1_136' title='bbox 968 2393 1207 2476; x_wconf 78' lang='lat' dir='ltr'><strong>praecedentis,</strong></span> <span class='ocrx_word' id='word_1_137' title='bbox 1230 2396 1349 2477; x_wconf 90' lang='lat' dir='ltr'><strong>petivi-</strong></span> 
     </span>
     <span class='ocr_line' id='line_1_19' title="bbox 178 2497 1410 2592; baseline -0.001 -27"><span class='ocrx_word' id='word_1_138' title='bbox 178 2520 251 2565; x_wconf 87' lang='lat' dir='ltr'><strong>mus</strong></span> <span class='ocrx_word' id='word_1_139' title='bbox 271 2500 423 2573; x_wconf 74' lang='lat' dir='ltr'><strong>,dominos</strong></span> <span class='ocrx_word' id='word_1_140' title='bbox 436 2563 441 2574; x_wconf 74' lang='grc'><strong>,</strong></span> <span class='ocrx_word' id='word_1_141' title='bbox 455 2506 599 2572; x_wconf 82' lang='lat' dir='ltr'><strong>rectores</strong></span> <span class='ocrx_word' id='word_1_142' title='bbox 627 2499 771 2568; x_wconf 76' lang='lat' dir='ltr'><strong>civitatis</strong></span> <span class='ocrx_word' id='word_1_143' title='bbox 791 2507 936 2581; x_wconf 74' lang='lat' dir='ltr'><strong>satiatae,</strong></span> <span class='ocrx_word' id='word_1_144' title='bbox 958 2497 1168 2592; x_wconf 80' lang='lat' dir='ltr'><strong>Sarracenos,</strong></span> <span class='ocrx_word' id='word_1_145' title='bbox 1191 2509 1227 2561; x_wconf 90' lang='lat' dir='ltr'><strong>nt</strong></span> <span class='ocrx_word' id='word_1_146' title='bbox 1247 2502 1364 2590; x_wconf 66' lang='lat' dir='ltr'><strong>intro-5.</strong></span> <span class='ocrx_word' id='word_1_147' title='bbox 1407 2557 1410 2564; x_wconf 91' lang='lat'>.</span> 
     </span>
     <span class='ocr_line' id='line_1_20' title="bbox 179 2585 1349 2688; baseline -0.005 -18"><span class='ocrx_word' id='word_1_148' title='bbox 179 2599 308 2670; x_wconf 81' lang='lat' dir='ltr'><strong>mittere</strong></span> <span class='ocrx_word' id='word_1_149' title='bbox 330 2621 391 2684; x_wconf 83' lang='lat' dir='ltr'><strong>uos</strong></span> <span class='ocrx_word' id='word_1_150' title='bbox 413 2601 624 2686; x_wconf 77' lang='lat' dir='ltr'><strong>dignarentur</strong></span> <span class='ocrx_word' id='word_1_151' title='bbox 649 2595 683 2666; x_wconf 88' lang='lat' dir='ltr'><strong>in</strong></span> <span class='ocrx_word' id='word_1_152' title='bbox 706 2603 879 2668; x_wconf 88' lang='lat' dir='ltr'><strong>eeclesiam</strong></span> <span class='ocrx_word' id='word_1_153' title='bbox 902 2606 1007 2667; x_wconf 89' lang='lat' dir='ltr'><strong>sancti</strong></span> <span class='ocrx_word' id='word_1_154' title='bbox 1028 2585 1190 2686; x_wconf 87' lang='lat' dir='ltr'><strong>sepulchri</strong></span> <span class='ocrx_word' id='word_1_155' title='bbox 1196 2649 1208 2688; x_wconf 95' lang='lat'><strong>,</strong></span> <span class='ocrx_word' id='word_1_156' title='bbox 1235 2615 1267 2666; x_wconf 91' lang='lat' dir='ltr'><strong>et</strong></span> <span class='ocrx_word' id='word_1_157' title='bbox 1288 2623 1349 2665; x_wconf 86' lang='lat' dir='ltr'><strong>au-</strong></span> 
     </span>
     <span class='ocr_line' id='line_1_21' title="bbox 180 2695 1359 2792; baseline -0.002 -20"><span class='ocrx_word' id='word_1_158' title='bbox 180 2717 329 2792; x_wconf 86' lang='lat' dir='ltr'><strong>nuerunt,</strong></span> <span class='ocrx_word' id='word_1_159' title='bbox 347 2711 394 2770; x_wconf 84' lang='lat' dir='ltr'><strong>ita</strong></span> <span class='ocrx_word' id='word_1_160' title='bbox 414 2715 533 2790; x_wconf 89' lang='lat' dir='ltr'><strong>tamen,</strong></span> <span class='ocrx_word' id='word_1_161' title='bbox 557 2706 643 2790; x_wconf 93' lang='lat' dir='ltr'><strong>quod</strong></span> <span class='ocrx_word' id='word_1_162' title='bbox 665 2708 867 2772; x_wconf 82' lang='lat' dir='ltr'><strong>solveremus</strong></span> <span class='ocrx_word' id='word_1_163' title='bbox 889 2695 1045 2772; x_wconf 82' lang='lat' dir='ltr'><strong>tributum·</strong></span> <span class='ocrx_word' id='word_1_164' title='bbox 1067 2716 1268 2788; x_wconf 87' lang='lat' dir='ltr'><strong>consuetum,</strong></span> <span class='ocrx_word' id='word_1_165' title='bbox 1292 2725 1359 2788; x_wconf 87' lang='lat' dir='ltr'><strong>pro.</strong></span> 
     </span>
     <span class='ocr_line' id='line_1_22' title="bbox 181 2809 1350 2898; baseline -0.006 -20"><span class='ocrx_word' id='word_1_166' title='bbox 181 2831 321 2898; x_wconf 74' lang='lat' dir='ltr'><strong>persona</strong></span> <span class='ocrx_word' id='word_1_167' title='bbox 351 2814 495 2896; x_wconf 91' lang='lat' dir='ltr'><strong>quinque</strong></span> <span class='ocrx_word' id='word_1_168' title='bbox 528 2812 672 2876; x_wconf 87' lang='lat' dir='ltr'><strong>ducatos.</strong></span> <span class='ocrx_word' id='word_1_169' title='bbox 716 2813 896 2875; x_wconf 87' lang='lat' dir='ltr'><strong>Petivlmus</strong></span> <span class='ocrx_word' id='word_1_170' title='bbox 929 2823 1035 2876; x_wconf 86' lang='lat' dir='ltr'><strong>autem</strong></span> <span class='ocrx_word' id='word_1_171' title='bbox 1069 2831 1144 2897; x_wconf 90' lang='lat' dir='ltr'><strong>eos,</strong></span> <span class='ocrx_word' id='word_1_172' title='bbox 1176 2822 1210 2874; x_wconf 93' lang='lat' dir='ltr'><strong>nt</strong></span> <span class='ocrx_word' id='word_1_173' title='bbox 1242 2809 1350 2873; x_wconf 89' lang='lat' dir='ltr'><strong>mitius</strong></span> 
     </span>
     <span class='ocr_line' id='line_1_23' title="bbox 179 2915 1448 3006; baseline -0.004 -26"><span class='ocrx_word' id='word_1_174' title='bbox 179 2919 348 2982; x_wconf 84' lang='lat' dir='ltr'><strong>nobiseum</strong></span> <span class='ocrx_word' id='word_1_175' title='bbox 373 2925 511 2998; x_wconf 84' lang='lat' dir='ltr'><strong>agerent</strong></span> <span class='ocrx_word' id='word_1_176' title='bbox 531 2927 563 2979; x_wconf 91' lang='lat' dir='ltr'><strong>et</strong></span> <span class='ocrx_word' id='word_1_177' title='bbox 586 2919 723 2998; x_wconf 86' lang='lat' dir='ltr'><strong>rigorem</strong></span> <span class='ocrx_word' id='word_1_178' title='bbox 745 2915 834 2978; x_wconf 89' lang='lat' dir='ltr'><strong>illum</strong></span> <span class='ocrx_word' id='word_1_179' title='bbox 859 2917 1069 2996; x_wconf 83' lang='lat' dir='ltr'><strong>remitterent,</strong></span> <span class='ocrx_word' id='word_1_180' title='bbox 1101 2935 1144 2977; x_wconf 86' lang='lat' dir='ltr'><strong>ex</strong></span> <span class='ocrx_word' id='word_1_181' title='bbox 1175 2934 1237 2999; x_wconf 89' lang='lat' dir='ltr'><strong>quo</strong></span> <span class='ocrx_word' id='word_1_182' title='bbox 1255 2917 1349 2997; x_wconf 85' lang='lat' dir='ltr'><strong>pauci</strong></span> <span class='ocrx_word' id='word_1_183' title='bbox 1381 2995 1384 3006; x_wconf 26' lang='grc' dir='ltr'>ι</span> <span class='ocrx_word' id='word_1_184' title='bbox 1444 2940 1448 2956; x_wconf 86' lang='grc'>·</span> 
     </span>
     <span class='ocr_line' id='line_1_24' title="bbox 182 3015 1348 3106; baseline -0.004 -21"><span class='ocrx_word' id='word_1_185' title='bbox 182 3041 348 3103; x_wconf 87' lang='lat' dir='ltr'><strong>essemus,</strong></span> <span class='ocrx_word' id='word_1_186' title='bbox 384 3023 460 3106; x_wconf 89' lang='lat' dir='ltr'><strong>quia</strong></span> <span class='ocrx_word' id='word_1_187' title='bbox 491 3019 731 3084; x_wconf 84' lang='lat' dir='ltr'><strong>intenderemus</strong></span> <span class='ocrx_word' id='word_1_188' title='bbox 757 3020 897 3103; x_wconf 81' lang='lat' dir='ltr'><strong>saepius</strong></span> <span class='ocrx_word' id='word_1_189' title='bbox 929 3018 1060 3100; x_wconf 80' lang='lat' dir='ltr'><strong>ingredi</strong></span> <span class='ocrx_word' id='word_1_190' title='bbox 1089 3015 1165 3081; x_wconf 86' lang='lat' dir='ltr'><strong>aule</strong></span> <span class='ocrx_word' id='word_1_191' title='bbox 1205 3028 1348 3084; x_wconf 90' lang='lat' dir='ltr'><strong>nostrum</strong></span> 
     </span>
     <span class='ocr_line' id='line_1_25' title="bbox 183 3122 1426 3208; baseline -0.004 -18"><span class='ocrx_word' id='word_1_192' title='bbox 183 3145 360 3208; x_wconf 78' lang='lat' dir='ltr'><strong>recessum,</strong></span> <span class='ocrx_word' id='word_1_193' title='bbox 382 3134 414 3188; x_wconf 90' lang='lat' dir='ltr'><strong>et</strong></span> <span class='ocrx_word' id='word_1_194' title='bbox 436 3127 465 3188; x_wconf 82' lang='lat' dir='ltr'><strong>si</strong></span> <span class='ocrx_word' id='word_1_195' title='bbox 485 3145 549 3188; x_wconf 92' lang='lat' dir='ltr'><strong>uon</strong></span> <span class='ocrx_word' id='word_1_196' title='bbox 572 3123 696 3187; x_wconf 90' lang='lat' dir='ltr'><strong>vellent</strong></span> <span class='ocrx_word' id='word_1_197' title='bbox 717 3124 882 3188; x_wconf 87' lang='lat' dir='ltr'><strong>remittere</strong></span> <span class='ocrx_word' id='word_1_198' title='bbox 903 3122 1025 3208; x_wconf 85' lang='lat' dir='ltr'><strong>aliquid</strong></span> <span class='ocrx_word' id='word_1_199' title='bbox 1047 3122 1088 3185; x_wconf 92' lang='lat' dir='ltr'><strong>de</strong></span> <span class='ocrx_word' id='word_1_200' title='bbox 1118 3125 1237 3188; x_wconf 89' lang='lat' dir='ltr'><strong>tribulo</strong></span> <span class='ocrx_word' id='word_1_201' title='bbox 1270 3141 1351 3186; x_wconf 88' lang='lat' dir='ltr'><strong>con·</strong></span> <span class='ocrx_word' id='word_1_202' title='bbox 1422 3125 1426 3133; x_wconf 89' lang='lat'>&#39;</span> 
     </span>
     <span class='ocr_line' id='line_1_26' title="bbox 183 3219 1352 3313; baseline -0.004 -19"><span class='ocrx_word' id='word_1_203' title='bbox 183 3241 287 3313; x_wconf 90' lang='lat' dir='ltr'><strong>sueto,</strong></span> <span class='ocrx_word' id='word_1_204' title='bbox 310 3240 388 3294; x_wconf 89' lang='lat' dir='ltr'><strong>tunc</strong></span> <span class='ocrx_word' id='word_1_205' title='bbox 408 3247 470 3292; x_wconf 87' lang='lat' dir='ltr'><strong>nco</strong></span> <span class='ocrx_word' id='word_1_206' title='bbox 486 3231 554 3312; x_wconf 83' lang='lat' dir='ltr'><strong>jain</strong></span> <span class='ocrx_word' id='word_1_207' title='bbox 577 3247 639 3291; x_wconf 91' lang='lat' dir='ltr'><strong>nec</strong></span> <span class='ocrx_word' id='word_1_208' title='bbox 652 3231 694 3290; x_wconf 51' lang='lat' dir='ltr'><strong>,in</strong></span> <span class='ocrx_word' id='word_1_209' title='bbox 716 3239 879 3311; x_wconf 89' lang='lat' dir='ltr'><strong>postorum</strong></span> <span class='ocrx_word' id='word_1_210' title='bbox 899 3247 1070 3312; x_wconf 87' lang='lat' dir='ltr'><strong>possemus</strong></span> <span class='ocrx_word' id='word_1_211' title='bbox 1092 3219 1226 3312; x_wconf 79' lang='lat' dir='ltr'><strong>ingredi.</strong></span> <span class='ocrx_word' id='word_1_212' title='bbox 1270 3230 1352 3291; x_wconf 86' lang='lat' dir='ltr'><strong>Post</strong></span> 
     </span>
     <span class='ocr_line' id='line_1_27' title="bbox 181 3329 1367 3422; baseline -0.003 -23"><span class='ocrx_word' id='word_1_213' title='bbox 181 3336 304 3400; x_wconf 89' lang='lat' dir='ltr'><strong>multas</strong></span> <span class='ocrx_word' id='word_1_214' title='bbox 325 3329 652 3418; x_wconf 85' lang='lat' dir='ltr'><strong>ergoplacitaliones</strong></span> <span class='ocrx_word' id='word_1_215' title='bbox 674 3343 707 3398; x_wconf 91' lang='lat' dir='ltr'><strong>et</strong></span> <span class='ocrx_word' id='word_1_216' title='bbox 728 3335 837 3416; x_wconf 82' lang='lat' dir='ltr'><strong>brigas</strong></span> <span class='ocrx_word' id='word_1_217' title='bbox 858 3336 1060 3417; x_wconf 82' lang='lat' dir='ltr'><strong>improbitate</strong></span> <span class='ocrx_word' id='word_1_218' title='bbox 1081 3345 1192 3399; x_wconf 87' lang='lat' dir='ltr'><strong>nostra</strong></span> <span class='ocrx_word' id='word_1_219' title='bbox 1213 3335 1367 3422; x_wconf 70' lang='lat' dir='ltr'><strong>vicimus¹</strong></span> 
     </span>
     <span class='ocr_line' id='line_1_28' title="bbox 183 3435 1353 3523; baseline -0.003 -21"><span class='ocrx_word' id='word_1_220' title='bbox 183 3458 252 3521; x_wconf 84' lang='lat' dir='ltr'><strong>eos,</strong></span> <span class='ocrx_word' id='word_1_221' title='bbox 268 3450 309 3502; x_wconf 86' lang='lat' dir='ltr'><strong>&#39;et</strong></span> <span class='ocrx_word' id='word_1_222' title='bbox 329 3442 375 3502; x_wconf 90' lang='lat' dir='ltr'><strong>ita</strong></span> <span class='ocrx_word' id='word_1_223' title='bbox 395 3438 617 3521; x_wconf 81' lang='lat' dir='ltr'><strong>convenimus,</strong></span> <span class='ocrx_word' id='word_1_224' title='bbox 640 3438 737 3522; x_wconf 85' lang='lat' dir='ltr'><strong>quod,</strong></span> <span class='ocrx_word' id='word_1_225' title='bbox 760 3442 1028 3523; x_wconf 86' lang='lat' dir='ltr'><strong>quotiescumque</strong></span> <span class='ocrx_word' id='word_1_226' title='bbox 1047 3435 1206 3503; x_wconf 80' lang='lat' dir='ltr'><strong>vellemus</strong></span> <span class='ocrx_word' id='word_1_227' title='bbox 1227 3438 1353 3520; x_wconf 88' lang='lat' dir='ltr'><strong>ingredi</strong></span> 
     </span>
     <span class='ocr_line' id='line_1_29' title="bbox 183 3541 1360 3628; baseline -0.003 -21"><span class='ocrx_word' id='word_1_228' title='bbox 183 3543 355 3607; x_wconf 85' lang='lat' dir='ltr'><strong>eeclesiam</strong></span> <span class='ocrx_word' id='word_1_229' title='bbox 391 3541 570 3606; x_wconf 89' lang='lat' dir='ltr'><strong>dominicae</strong></span> <span class='ocrx_word' id='word_1_230' title='bbox 599 3545 864 3625; x_wconf 82' lang='lat' dir='ltr'><strong>resurrectionis,</strong></span> <span class='ocrx_word' id='word_1_231' title='bbox 896 3541 993 3609; x_wconf 86' lang='lat' dir='ltr'><strong>toties</strong></span> <span class='ocrx_word' id='word_1_232' title='bbox 1022 3545 1224 3628; x_wconf 88' lang='lat' dir='ltr'><strong>solveremus</strong></span> <span class='ocrx_word' id='word_1_233' title='bbox 1248 3541 1360 3605; x_wconf 84' lang='lat' dir='ltr'><strong>&#39;simul&#39;</strong></span> 
     </span>
     <span class='ocr_line' id='line_1_30' title="bbox 185 3646 1353 3734; baseline -0.002 -24"><span class='ocrx_word' id='word_1_234' title='bbox 185 3665 307 3710; x_wconf 87' lang='lat' dir='ltr'><strong>ornnes</strong></span> <span class='ocrx_word' id='word_1_235' title='bbox 325 3647 476 3716; x_wconf 86' lang='lat' dir='ltr'><strong>tributum</strong></span> <span class='ocrx_word' id='word_1_236' title='bbox 499 3647 595 3710; x_wconf 86' lang='lat' dir='ltr'><strong>unius</strong></span> <span class='ocrx_word' id='word_1_237' title='bbox 615 3646 766 3731; x_wconf 86' lang='lat' dir='ltr'><strong>hominis,</strong></span> <span class='ocrx_word' id='word_1_238' title='bbox 788 3648 850 3710; x_wconf 88' lang='lat' dir='ltr'><strong>hoc</strong></span> <span class='ocrx_word' id='word_1_239' title='bbox 870 3659 931 3730; x_wconf 87' lang='lat' dir='ltr'><strong>est,</strong></span> <span class='ocrx_word' id='word_1_240' title='bbox 953 3650 1094 3732; x_wconf 85' lang='lat' dir='ltr'><strong>quinque</strong></span> <span class='ocrx_word' id='word_1_241' title='bbox 1126 3647 1272 3734; x_wconf 82' lang='lat' dir='ltr'><strong>ducatos.</strong></span> <span class='ocrx_word' id='word_1_242' title='bbox 1313 3649 1353 3710; x_wconf 79' lang='lat' dir='ltr'><strong>Et</strong></span> 
     </span>
     <span class='ocr_line' id='line_1_31' title="bbox 184 3742 1355 3844; baseline 0.003 -30"><span class='ocrx_word' id='word_1_243' title='bbox 184 3752 248 3814; x_wconf 87' lang='lat' dir='ltr'><strong>hoc</strong></span> <span class='ocrx_word' id='word_1_244' title='bbox 277 3750 397 3833; x_wconf 86' lang='lat' dir='ltr'><strong>placuit</strong></span> <span class='ocrx_word' id='word_1_245' title='bbox 439 3752 544 3814; x_wconf 89' lang='lat' dir='ltr'><strong>nobis.</strong></span> <span class='ocrx_word' id='word_1_246' title='bbox 579 3742 817 3844; x_wconf 36' lang='lat' dir='ltr'><strong>&#39;Congregetis&#39;</strong></span> <span class='ocrx_word' id='word_1_247' title='bbox 846 3771 923 3838; x_wconf 87' lang='lat' dir='ltr'><strong>ergo</strong></span> <span class='ocrx_word' id='word_1_248' title='bbox 955 3753 1049 3815; x_wconf 87' lang='lat' dir='ltr'><strong>nobis</strong></span> <span class='ocrx_word' id='word_1_249' title='bbox 1080 3755 1113 3814; x_wconf 89' lang='lat' dir='ltr'><strong>in</strong></span> <span class='ocrx_word' id='word_1_250' title='bbox 1136 3756 1216 3817; x_wconf 85' lang='lat' dir='ltr'><strong>atrio</strong></span> <span class='ocrx_word' id='word_1_251' title='bbox 1246 3755 1355 3837; x_wconf 88' lang='lat' dir='ltr'><strong>templi</strong></span> 
     </span>
    </p>

    <p class='ocr_par' dir='ltr' id='par_1_7' title="bbox 92 3837 1358 4476">
     <span class='ocr_line' id='line_1_32' title="bbox 148 3837 1358 3943; baseline 0.004 -26"><span class='ocrx_word' id='word_1_252' title='bbox 148 3857 150 3861; x_wconf 83' lang='lat'>&#39;</span> <span class='ocrx_word' id='word_1_253' title='bbox 185 3857 292 3918; x_wconf 83' lang='lat' dir='ltr'><strong>saneti</strong></span> <span class='ocrx_word' id='word_1_254' title='bbox 333 3857 496 3938; x_wconf 83' lang='lat' dir='ltr'><strong>sepulchri</strong></span> <span class='ocrx_word' id='word_1_255' title='bbox 534 3866 695 3919; x_wconf 88' lang='lat' dir='ltr'><strong>venerunt</strong></span> <span class='ocrx_word' id='word_1_256' title='bbox 727 3857 847 3920; x_wconf 90' lang='lat' dir='ltr'><strong>domiui</strong></span> <span class='ocrx_word' id='word_1_257' title='bbox 868 3857 974 3918; x_wconf 84' lang='lat' dir='ltr'><strong>Mauri</strong></span> <span class='ocrx_word' id='word_1_258' title='bbox 1008 3875 1082 3920; x_wconf 85' lang='lat' dir='ltr'><strong>curn</strong></span> <span class='ocrx_word' id='word_1_259' title='bbox 1112 3858 1283 3943; x_wconf 85' lang='lat' dir='ltr'><strong>clavibus,</strong></span> <span class='ocrx_word' id='word_1_260' title='bbox 1323 3837 1358 3922; x_wconf 86' lang='lat' dir='ltr'><strong>et</strong></span> 
     </span>
     <span class='ocr_line' id='line_1_33' title="bbox 92 3945 1354 4054; baseline 0.004 -33"><span class='ocrx_word' id='word_1_261' title='bbox 92 3961 96 3968; x_wconf 89' lang='lat'>&#39;</span> <span class='ocrx_word' id='word_1_262' title='bbox 186 3961 342 4022; x_wconf 89' lang='lat' dir='ltr'><strong>reseratis</strong></span> <span class='ocrx_word' id='word_1_263' title='bbox 363 3961 472 4054; x_wconf 77' lang='lat' dir='ltr'><strong>valvis</strong></span> <span class='ocrx_word' id='word_1_264' title='bbox 492 3962 633 4050; x_wconf 83' lang='lat' dir='ltr'><strong>ingressi</strong></span> <span class='ocrx_word' id='word_1_265' title='bbox 653 3975 766 4023; x_wconf 88' lang='lat' dir='ltr'><strong>sumus</strong></span> <span class='ocrx_word' id='word_1_266' title='bbox 798 3970 831 4023; x_wconf 87' lang='lat' dir='ltr'><strong>et</strong></span> <span class='ocrx_word' id='word_1_267' title='bbox 852 3971 978 4024; x_wconf 88' lang='lat' dir='ltr'><strong>noctem</strong></span> <span class='ocrx_word' id='word_1_268' title='bbox 1001 3962 1087 4026; x_wconf 84' lang='lat' dir='ltr'><strong>illam</strong></span> <span class='ocrx_word' id='word_1_269' title='bbox 1110 3945 1301 4029; x_wconf 84' lang='lat' dir='ltr'><strong>deduximus</strong></span> <span class='ocrx_word' id='word_1_270' title='bbox 1322 3967 1354 4026; x_wconf 91' lang='lat' dir='ltr'><strong>iu</strong></span> 
     </span>
     <span class='ocr_line' id='line_1_34' title="bbox 186 4051 1355 4148; baseline 0 -22"><span class='ocrx_word' id='word_1_271' title='bbox 186 4051 313 4148; x_wconf 78' lang='lat' dir='ltr'><strong>vigiliis</strong></span> <span class='ocrx_word' id='word_1_272' title='bbox 333 4065 420 4127; x_wconf 87' lang='lat' dir='ltr'><strong>circa</strong></span> <span class='ocrx_word' id='word_1_273' title='bbox 441 4065 634 4140; x_wconf 80' lang='lat' dir='ltr'><strong>dominicum</strong></span> <span class='ocrx_word' id='word_1_274' title='bbox 657 4065 882 4148; x_wconf 83' lang='lat' dir='ltr'><strong>sepulchrum,</strong></span> <span class='ocrx_word' id='word_1_275' title='bbox 909 4065 1002 4128; x_wconf 92' lang='lat' dir='ltr'><strong>modo</strong></span> <span class='ocrx_word' id='word_1_276' title='bbox 1024 4067 1144 4148; x_wconf 92' lang='lat' dir='ltr'><strong>scripto</strong></span> <span class='ocrx_word' id='word_1_277' title='bbox 1167 4066 1221 4129; x_wconf 87' lang='lat' dir='ltr'><strong>iol.</strong></span> <span class='ocrx_word' id='word_1_278' title='bbox 1241 4067 1303 4142; x_wconf 80' lang='lat' dir='ltr'><strong>itti</strong></span> <span class='ocrx_word' id='word_1_279' title='bbox 1314 4066 1355 4144; x_wconf 85' lang='lat' dir='ltr'><strong>A,</strong></span> 
     </span>
     <span class='ocr_line' id='line_1_35' title="bbox 188 4169 1356 4251; baseline 0.004 -23"><span class='ocrx_word' id='word_1_280' title='bbox 188 4175 222 4228; x_wconf 88' lang='lat' dir='ltr'><strong>et</strong></span> <span class='ocrx_word' id='word_1_281' title='bbox 254 4177 494 4251; x_wconf 85' lang='lat' dir='ltr'><strong>eonrequentor</strong></span> <span class='ocrx_word' id='word_1_282' title='bbox 528 4187 621 4232; x_wconf 90' lang='lat' dir='ltr'><strong>mane</strong></span> <span class='ocrx_word' id='word_1_283' title='bbox 655 4171 740 4234; x_wconf 86' lang='lat' dir='ltr'><strong>iacto</strong></span> <span class='ocrx_word' id='word_1_284' title='bbox 772 4171 977 4234; x_wconf 89' lang='lat' dir='ltr'><strong>cantavimus</strong></span> <span class='ocrx_word' id='word_1_285' title='bbox 998 4171 1134 4234; x_wconf 83' lang='lat' dir='ltr'><strong>hiissem</strong></span> <span class='ocrx_word' id='word_1_286' title='bbox 1167 4171 1200 4234; x_wconf 92' lang='lat' dir='ltr'><strong>in</strong></span> <span class='ocrx_word' id='word_1_287' title='bbox 1232 4169 1356 4251; x_wconf 88' lang='lat' dir='ltr'><strong>capella</strong></span> 
     </span>
     <span class='ocr_line' id='line_1_36' title="bbox 167 4263 1355 4357; baseline 0.003 -24"><span class='ocrx_word' id='word_1_288' title='bbox 167 4263 305 4334; x_wconf 79' lang='lat' dir='ltr'><strong>¹beatae</strong></span> <span class='ocrx_word' id='word_1_289' title='bbox 325 4271 483 4356; x_wconf 85' lang='lat' dir='ltr'><strong>Virginis,</strong></span> <span class='ocrx_word' id='word_1_290' title='bbox 506 4274 548 4338; x_wconf 89' lang='lat' dir='ltr'><strong>de</strong></span> <span class='ocrx_word' id='word_1_291' title='bbox 569 4292 633 4356; x_wconf 89' lang='lat' dir='ltr'><strong>qua</strong></span> <span class='ocrx_word' id='word_1_292' title='bbox 653 4275 789 4343; x_wconf 89' lang='lat' dir='ltr'><strong>habetur</strong></span> <span class='ocrx_word' id='word_1_293' title='bbox 820 4275 895 4339; x_wconf 86' lang='lat' dir='ltr'><strong>i&#39;olio</strong></span> <span class='ocrx_word' id='word_1_294' title='bbox 934 4276 1116 4357; x_wconf 83' lang='lat' dir='ltr'><strong>praedicto,</strong></span> <span class='ocrx_word' id='word_1_295' title='bbox 1149 4283 1188 4336; x_wconf 89' lang='lat' dir='ltr'><strong>et·</strong></span> <span class='ocrx_word' id='word_1_296' title='bbox 1208 4276 1355 4356; x_wconf 87' lang='lat' dir='ltr'><strong>privatas</strong></span> 
     </span>
     <span class='ocr_line' id='line_1_37' title="bbox 186 4375 1356 4476; baseline 0 -34"><span class='ocrx_word' id='word_1_297' title='bbox 186 4377 311 4442; x_wconf 70' lang='lat' dir='ltr'><strong>utrm</strong></span> <span class='ocrx_word' id='word_1_298' title='bbox 345 4378 484 4462; x_wconf 82' lang='lat' dir='ltr'><strong>legimus</strong></span> <span class='ocrx_word' id='word_1_299' title='bbox 515 4377 558 4442; x_wconf 86' lang='lat' dir='ltr'><strong>ad</strong></span> <span class='ocrx_word' id='word_1_300' title='bbox 590 4377 744 4460; x_wconf 85' lang='lat' dir='ltr'><strong>placitum</strong></span> <span class='ocrx_word' id='word_1_301' title='bbox 779 4395 851 4440; x_wconf 89' lang='lat' dir='ltr'><strong>curn</strong></span> <span class='ocrx_word' id='word_1_302' title='bbox 891 4381 1008 4463; x_wconf 90' lang='lat' dir='ltr'><strong>quiete.</strong></span> <span class='ocrx_word' id='word_1_303' title='bbox 1053 4375 1188 4476; x_wconf 70' lang='lat' dir='ltr'><strong>Quibus¹</strong></span> <span class='ocrx_word' id='word_1_304' title='bbox 1209 4379 1356 4444; x_wconf 89' lang='lat' dir='ltr'><strong>omnibus</strong></span> 
     </span>
    </p>
   </div>
   <div class='ocr_carea' id='block_1_7' title="bbox 0 0 1626 5216">
    <p class='ocr_par' dir='ltr' id='par_1_8' title="bbox 0 0 1626 5216">
     <span class='ocr_line' id='line_1_38' title="bbox 0 0 1626 5216; baseline 0 0"><span class='ocrx_word' id='word_1_305' title='bbox 0 0 1626 5216; x_wconf 95' lang='lat' dir='ltr'><strong> </strong></span> 
     </span>
    </p>
   </div>
  </div>
 </body>
</html>
