3204 5216
542 236 594 258 '·
690 253 779 320 no.

222 436 390 502 vicesima
410 436 549 520 septimo
570 435 633 520 die,
645 455 739 520 ‘quae
759 425 820 505 fflt
839 439 897 501 lx.
917 444 992 522 post
1012 437 1190 522 Trinitatis,
1212 457 1307 504 mono

130 549 306 611 verrermrt.
320 559 434 604 omnes
457 542 619 623 peregrini
640 543 681 605 ad
696 543 846 607 Oliioiurn
857 543 982 608 Missae
1004 544 1037 604 in
1055 552 1193 606 montem
1204 543 1306 628 Syon,

132 646 227 730 qnod
248 645 398 716 lliilcinrn
420 664 483 728 ego
506 649 654 730 conteni,
673 647 833 731 siqnidem
855 649 954 712 lrnter
981 645 1202 730 Seraphinns,
1222 649 1305 710 helr-

135 749 347 818 rlomadarins
367 761 549 816 conventus
569 753 685 834 petivit
707 772 775 832 me,
808 763 844 816 ut
865 754 936 816 loco
957 753 1031 834 ejus
1052 749 1203 814 Officium
1226 770 1312 839 onn-¹

137 866 241 918 torem
270 866 302 918 et
335 855 451 921 iratres
472 875 537 920 non
558 858 747 921 secerdotes
768 858 1046 922 communicarem.
1090 853 1185 932 Quod
1202 855 1306 918 libens

137 949 208 1022 l'ecl
237 968 270 1022 et
293 962 388 1043 qussi
408 981 466 1043 pro
495 963 653 1046 singulari
672 965 779 1046 gretie
798 964 930 1045 accepi,
959 960 1044 1043 qnod
1064 961 1201 1022 Missam
1224 977 1306 1039 oon-
1442 949 1452 968 '

139 1073 263 1128 ventus
284 1067 318 1128 in
338 1064 393 1127 illo
415 1066 486 1128 loco
511 1077 644 1130 curtare
665 1070 787 1150 merui,
809 1069 844 1130 in
867 1086 931 1151 quo
952 1067 1014 1130 hoc
1036 1083 1164 1128 sacrum
1184 1064 1324 1147 euolog

139 1171 253 1234 ristiae
288 1169 525 1234 divinissimum
566 1171 710 1236 creditur
743 1173 924 1236 institutum
958 1173 1119 1254 primitus,
1152 1180 1185 1233 et
1222 1167 1308 1254 qnod

140 1274 260 1336 lratros
281 1275 394 1344 eodem
415 1285 618 1340 sacramenia
637 1277 885 1340 communicare.
897 1277 994 1340 habui
1015 1277 1049 1339 in
1068 1275 1123 1337 illo
1145 1276 1233 1358 loco,
1252 1277 1307 1338 nbi

142 1377 294 1442 Christus
312 1393 391 1442 snos
411 1378 589 1462 discipulos
616 1382 718 1464 primo
751 1382 999 1460 communicavit
1028 1389 1120 1442 etse
1146 1384 1252 1463 ipsum
1275 1381 1307 1442 in
1361 1417 1365 1427 .

142 1482 257 1548 eodem
277 1483 348 1546 loco
371 1484 594 1565 manducavit,
624 1495 661 1548 nt
684 1495 771 1569 petet
803 1487 855 1550 fol.
879 1486 979 1553 9413.
1024 1483 1105 1548 Post
1135 1485 1303 1568 prandium

142 1596 248 1652 entem
273 1589 306 1649 in
329 1590 437 1670 quiete
458 1591 644 1656 mansimus.
1311 1577 1315 1588 ¹

221 1693 389 1756 Vicesima
416 1703 534 1761 octavo
555 1693 610 1758 dia
639 1714 734 1760 mene
765 1696 918 1760 descendi
940 1713 1013 1760 cnm
1035 1705 1242 1779 procuratore
1274 1697 1308 1756 iu

142 1799 309 1864 civitatem
337 1796 379 1860 sd
404 1797 507 1861 lorum
542 1810 575 1862 et
596 1800 637 1864 ed
658 1802 752 1864 vicos
772 1819 941 1883 cocorum,
973 1812 1006 1864 et
1027 1819 1179 1884 magnoni
1201 1816 1308 1863 rerum

142 1902 307 1966 venalium
332 1901 561 1966 abundantium
582 1905 626 1966 ibi
657 1903 726 1968 vidi
757 1911 789 1968 et
810 1908 988 1974 hominum·
1009 1909 1172 1988 copiosam
1199 1905 1309 1968 multi-

143 2007 287 2072 tudinem
324 2015 357 2069 et
378 2009 535 2090 coquinas
568 2007 701 2090 multas3
733 2028 797 2072 non
830 2013 915 2074 onim
937 2019 1081 2092 coquunt
1107 2012 1254 2072 hominos
1275 2009 1310 2075 in

144 2109 291 2176 domibus
321 2113 407 2195 suis,
437 2115 523 2176 sicut
554 2112 639 2194 opud
667 2131 745 2194 rios,
777 2113 836 2174 sed
859 2115 949 2176 cibos
981 2123 1094 2202 coctos
1127 2123 1237 2176 emunt
1268 2115 1309 2174 ab

145 2218 227 2299 ipsis
248 2216 386 2298 publicis
407 2218 538 2300 coquis,
571 2217 679 2300 quiin
708 2218 894 2298 potentibus
926 2218 1075 2300 coquinis
1101 2217 1192 2289 cibos
1215 2235 1310 2278 mun-

145 2323 279 2386 dissime
299 2329 432 2405 pererit,
461 2341 523 2384 neo
549 2323 676 2385 videtur
696 2320 740 2382 ibi
765 2319 861 2400 juxto
892 2325 1000 2406 ignom
1023 2321 1153 2406 mulier,
1181 2325 1245 2384 imo
1274 2325 1309 2384 iu

146 2429 301 2510 coquinas
328 2427 418 2490 nulla
437 2428 550 2491 mulier
579 2424 705 2510 ingredi
733 2428 925 2509 praesumit,
962 2439 995 2491 et
1015 2421 1187 2490 Sarreee'ui
1218 2427 1309 2490 eibos

146 2542 257 2598 coctos
279 2551 300 2594 ι
330 2531 518 2614 mulieribus
540 2535 625 2594 sicut
656 2547 817 2594 venenum
838 2533 1069 2596 abominentur.
1113 2531 1190 2596 Ideo
1222 2531 1311 2594 nulle
1365 2528 1369 2534 ’

113 2660 117 2669 ·
147 2637 286 2698 foemina
306 2634 406 2699 sciret
437 2653 576 2718 coquere
598 2633 711 2718 ollem,
743 2635 803 2698 sed
825 2636 929 2698 solum
951 2639 1012 2700 viri
1046 2648 1123 2704 sunt
1154 2639 1224 2700 coci
1250 2654 1308 2718 per

147 2749 247 2804 totum
268 2740 433 2813 orientem.
457 2738 591 2822 Oportet
612 2751 717 2803 antem
740 2745 774 2802 in
794 2741 870 2802 istis
890 2742 1036 2824 parumn
1049 2741 1211 2822 ⁴coquinas
1233 2757 1311 2802 csse

148 2860 350 2927 communes,
385 2845 460 2926 qnia
489 2844 579 2926 liguo
599 2855 675 2907 scrut
703 2846 748 2908 ibi
769 2846 802 2905 in
831 2862 907 2906 caro
940 2846 1009 2908 loro
1039 2853 1170 2927 propter
1202 2853 1318 2939 terrae·

147 2949 338 3029 siccitatem,
356 2958 388 3010 et
412 2968 476 3012 non
499 2957 606 3031 potest
629 2966 705 3010 esse
728 2951 761 3009 in
783 2942 927 3030 quolibet
943 2947 1037 3011 domo
1056 2949 1204 3031 coquina,
1226 2948 1347 3032 sicut,⁸

148 3051 234 3135 apud
262 3072 340 3135 nos,
368 3062 498 3136 propter
528 3052 702 3135 lignorum.
717 3050 888 3114 delectum.
932 3051 973 3114 lit
995 3050 1047 3117 his
1067 3053 1150 3137 viqis
1172 3053 1312 3134 regressi

148 3175 278 3239 annun,
298 3166 373 3240 post
393 3157 544 3221 Ollioinm
565 3156 732 3239 prandium
753 3157 938 3226 sumsimus.

232 3261 399 3329 vicesimo
419 3281 506 3326 noue
527 3261 580 3324 die
596 3271 850 3344 procuraverunt
871 3261 1034 3344 peregrini
1048 3280 1160 3324 omnes
1179 3261 1313 3345 quilibet
1329 3238 1337 3255 ’

148 3385 206 3452 pro
228 3383 267 3430 se
287 3367 443 3433 lectulum
466 3367 625 3449 bombyce
652 3368 834 3450 impletum,
872 3368 989 3450 quibus
1009 3373 1172 3434 uteremur
1185 3378 1255 3430 tam
1280 3371 1313 3430 ln

148 3471 332 3536 Jerusalem
361 3489 458 3555 quam
490 3489 549 3552 per
579 3469 742 3534 desertum
771 3474 832 3533 sub
865 3471 1030 3552 tentoriis,
1065 3469 1106 3534 do
1132 3473 1256 3555 quibus,
1282 3484 1314 3536 et

149 3575 227 3640 mihi
247 3595 345 3639 unum
372 3576 443 3640 lieri
465 3576 529 3639 leci
541 3623 551 3660 ,
577 3593 747 3659 quousque
768 3575 815 3637 lui
834 3576 868 3637 in
889 3575 1089 3656 Jerusalem,
1119 3587 1152 3639 et
1173 3593 1231 3660 per
1253 3577 1314 3642 tle-

149 3689 271 3767 sertnm
300 3688 346 3743 'et
386 3700 447 3764 per
476 3701 566 3746 mare
605 3699 711 3765 usqne
743 3677 900 3742 Veneties
944 3686 976 3740 et
1005 3697 1025 3740 ιι
1054 3679 1205 3747 venenis
1238 3679 1312 3746 duci

148 3766 227 3848 milri
254 3785 317 3850 leci
340 3803 446 3872 usqne
468 3787 594 3851 Ulmum
621 3788 655 3848 in
676 3783 792 3848 cellam
826 3791 985 3866 rnostrom,
1016 3785 1048 3846 in
1065 3790 1134 3866 qus
1154 3805 1212 3868 pro
1234 3787 1312 3850 reli-

150 3889 235 3972 quiis
253 3905 368 3953 sacrae
389 3891 656 3976 peregrinotiouis
678 3908 753 3952 eun
773 3889 913 3950 servavi.

232 3993 314 4057 Post
334 3995 500 4078 precinui
522 4003 680 4060 venerunt
700 3997 734 4056 in
757 3993 850 4079 equis
869 3991 910 4056 ad
934 4001 1071 4056 morttem
1093 3991 1185 4077 Syon
1209 3992 1315 4056 domi·

150 4115 212 4165 nus
228 4098 389 4184 Nnytlan,
411 4097 596 4184 praelectus
614 4097 815 4180 Jerusalem,
852 4107 885 4160 et
909 4097 1057 4162 domium
1090 4097 1315 4162 Veconrtliuus

150 4211 184 4264 et
204 4200 355 4268 dominus
387 4205 646 4288 Sabothytsnoo‚
680 4201 854 4266 Sarrsconi
884 4209 1050 4286 potentes,
1082 4211 1120 4266 ut
1141 4201 1315 4284 retr-igere·

153 4315 292 4386 rentur„
316 4308 379 4373 illst
400 4308 486 4379 euim
506 4309 541 4413 ip
562 4319 671 4375 monte
691 4304 792 4388 Syon.
804 4324 936 4390 sempor
956 4323 1013 4370 aer
1035 4309 1200 4396 recentior
1219 4316 1316 4388 qnam
1342 4389 1344 4396 y

262 4436 267 4447 ,
1070 4405 1089 4463 0
