3212 5206
301 540 519 626 solitudinis
549 541 631 618 sire
662 537 802 620 deserti
835 541 897 618 vel
929 541 1042 620 eremi
1072 540 1287 644 descriptio,
1316 552 1356 619 et
1390 545 1479 644 ejus

344 664 510 758 latitudo,
535 660 725 762 longitudo
751 671 790 738 et
814 662 1011 752 sterilitns3
1036 665 1077 738 et
1097 663 1279 762 quomodo
1303 663 1436 742 dieitur

573 791 725 884 quatuor
748 783 866 861 modis
890 793 994 888 patet
1021 783 1202 884 ingressu.

383 989 532 1055 solitudo
568 988 626 1050 illa
647 989 853 1073 vastissima,
874 1009 933 1074 per
965 1007 1061 1073 quana
1092 987 1136 1051 de
1165 997 1252 1052 terra
1284 997 1399 1054 saneta
1430 989 1475 1054 ad

300 1106 439 1162 montem
463 1095 552 1161 Oreb
575 1095 712 1157 transire
734 1103 869 1178 oportet,
891 1113 978 1157 nunu
997 1097 1032 1159 iu
1052 1095 1115 1158 heo
1140 1093 1214 1157 loeo
1234 1095 1325 1157 veuit
1345 1093 1476 1160 deseri-

283 1189 414 1268 ‘tenue
456 1200 643 1265 Notandum
665 1218 761 1282 ergo,
783 1201 869 1283 quod
893 1203 975 1265 haee
996 1189 1138 1264 solitudo
1160 1205 1212 1262 eat
1232 1207 1309 1281 p'ars
1330 1198 1475 1264 Arabiae

299 1297 448 1390 magnae.
488 1304 574 1368 Sunt
602 1306 687 1368 euim
718 1313 786 1368 tres
817 1314 923 1368 terrae
949 1307 1011 1369 sihi
1041 1305 1181 1368 htvieem
1211 1303 1359 1388 juuetae‚
1387 1323 1474 1388 qnae

297 1411 448 1476 dicuntur
460 1410 612 1474 Arabiae.
644 1410 754 1472 Primo
775 1409 1026 1473 mons-Libanus
1047 1420 1079 1472 et
1094 1409 1301 1473 Antilibanus
1318 1427 1389 1473 mm
1403 1419 1474 1474 tota

295 1517 429 1598 regione
449 1513 620 1597 adjacente
640 1514 756 1578 dieitur
775 1514 898 1578 Arabia
919 1515 1026 1598 uoles,
1047 1534 1106 1598 pro
1136 1534 1193 1597 eo,
1215 1515 1291 1598 quid
1308 1523 1393 1578 terra
1414 1515 1474 1581 illa

297 1620 452 1684 thurifera
474 1628 577 1683 estet
608 1618 771 1683 abundant
791 1619 837 1682 ihi
864 1621 996 1683 arbores
1022 1618 1195 1682 thuriferos
1221 1627 1254 1682 et
1275 1621 1339 1684 alia
1360 1621 1473 1686 odori-

296 1725 375 1789 fera.
400 1727 448 1789 Et
459 1726 535 1789 huie
552 1725 702 1808 juugitur
713 1728 802 1808 regio
817 1725 1036 1789 'l'raeonitidie
1051 1735 1084 1790 et
1096 1727 1225 1789 ituraea
1248 1726 1288 1788 ah
1303 1727 1468 1809 aquttene,

294 1848 378 1913 qnae
397 1840 473 1894 suut
495 1839 604 1914 partes
627 1828 809 1911 Galilaeae,
831 1830 1014 1893 Damascus
1034 1848 1114 1894 vero
1136 1830 1284 1912 meridie,
1307 1849 1402 1913 quam
1425 1833 1469 1895 oh

298 1952 430 1998 eausam
453 1933 550 2019 Syrie
563 1935 717 1998 Damasei
738 1934 931 2016 aliquotiens
946 1923 1067 1998 Arabis
1087 1945 1231 1999 vocatur.
1260 1935 1355 1999 Unde
1368 1936 1471 2000 Areta

295 2058 354 2104 rex
374 2039 516 2102 Arabiae
539 2037 665 2122 dieitur,
686 2039 742 2123 qni
764 2048 872 2102 temen
893 2048 962 2102 erat
983 2060 1041 2103 rex
1062 2041 1225 2104 Damasei.
1326 2109 1328 2114 ,

379 2142 532 2207 Seoundo
554 2153 641 2207 terrs
666 2143 802 2206 liliorum
822 2145 920 2207 Moa'h
948 2152 980 2206 et
1002 2143 1143 2208 Ammon
1170 2153 1203 2207 et
1224 2161 1358 2226 regnum
1380 2143 1471 2208 Seon

296 2247 384 2330 regis
398 2249 530 2311 llsehon
553 2265 625 2311 eum
646 2265 746 2332 reguo
758 2245 811 2329 Og
826 2249 915 2331 regis
929 2247 1037 2311 Busan
1057 2257 1089 2311 et
1110 2257 1198 2312 totus
1220 2267 1313 2312 mous
1327 2247 1469 2314 Galeath

294 2359 328 2414 et
348 2357 418 2414 tuta
433 2353 524 2435 regio
537 2361 627 2417 trans
639 2353 814 2416 Jordanem
837 2352 955 2417 dieitur
965 2354 1086 2417 Arabia
1107 2353 1251 2418 secunda
1272 2363 1305 2416 et
1330 2353 1470 2437 donjon-

294 2457 380 2540 gitnr
400 2459 524 2539 primae
544 2475 564 2520 a
585 2467 677 2541 parte
698 2457 841 2521 australi.

377 2561 498 2624 Tertio.
542 2561 594 2626 Ab
615 2561 671 2625 illa
693 2563 803 2645 incipit
825 2563 946 2626 Arabia
973 2563 1085 2648 tertia,
1106 2579 1190 2646 qnae
1210 2560 1327 2626 dieitur
1347 2561 1469 2625 Arabia

294 2683 429 2751 magna,
466 2675 498 2730 et
529 2685 589 2750 per
619 2666 795 2731 latissimas
829 2667 1021 2734 solitudines
1052 2666 1252 2752 protenditur
1282 2685 1313 2730 e·
1335 2667 1468 2731 flumine

295 2789 412 2855 magno
433 2771 599 2854 Euphrate
628 2789 733 2855 usque
760 2770 801 2835 ad
825 2789 913 2834 mare
934 2773 1062 2837 rubrum
1084 2783 1117 2837 et
1145 2773 1185 2836 ad
1208 2771 1318 2836 Nilum
1347 2773 1466 2837 flumen

292 2875 448 2960 Aegypti.
484 2877 522 2939 ln
553 2878 615 2940 hae
637 2877 759 2941 Arabis
787 2885 899 2940 eontra
928 2878 1081 2940 orientem
1110 2886 1160 2940 est
1182 2877 1319 2960 Meeha,
1348 2879 1465 2940 civitas

293 2979 496 3044 detestabilis
516 2982 724 3066 hluohometi,
746 2989 780 3045 et
801 2991 914 3045 eontra
935 2981 1100 3044 meridiem
1120 2991 1171 3044 est
1192 2999 1286 3045 motis
1308 2981 1410 3067 Synai
1431 2989 1466 3044 et

292 3083 388 3148 oreb.
421 3085 466 3148 nt
486 3087 568 3150 haee
582 3087 704 3150 Arabia
726 3096 777 3149 est
799 3085 966 3170 latissima,
975 3087 1143 3150 continens
1160 3086 1352 3151 solitudines
1370 3105 1464 3174 mag-

289 3205 350 3251 nas
372 3197 405 3252 et
425 3189 640 3273 vastissimus,
661 3189 811 3253 diversas
832 3191 990 3253 facientes
1010 3192 1207 3274 provincias.

298 3295 305 3316 ¹
373 3293 487 3358 [iatius
508 3303 615 3384 tamen
637 3293 798 3375 loquendo
830 3295 872 3358 de
893 3297 1013 3360 Arabia
1036 3296 1211 3359 seeundum
1234 3283 1461 3379 figurationem

289 3397 468 3463 tabularum
482 3398 659 3462 Ptolemaei
670 3415 843 3483 possumus
856 3399 974 3483 dieere,
990 3402 1076 3485 quod
1090 3409 1158 3464 tote
1170 3401 1270 3484 regio,
1284 3417 1369 3484 quae
1380 3397 1463 3461 altas

287 3505 468 3568 nominatur
496 3503 594 3588 Syria
613 3504 768 3568 Damasei
792 3503 876 3568 ultra
896 3505 1043 3569 hihanou
1071 3514 1122 3570 est
1145 3506 1266 3569 Arabia
1288 3507 1406 3588 prima,
1428 3511 1463 3566 et

287 3605 403 3673 dieitur
424 3608 546 3674 Arabia
560 3609 714 3674 Damasei
736 3609 790 3674 uel
812 3608 938 3695 Syriae.
969 3611 1056 3674 Huie
1074 3609 1229 3674 adhaeret
1253 3610 1295 3674 ad
1316 3618 1459 3674 austrum

286 3711 408 3779 Arabia
428 3713 577 3800 Petraea,
597 3735 682 3800 qnae
704 3725 754 3779 est
772 3715 925 3779 secunda.
968 3714 1022 3778 Ad
1042 3716 1128 3780 hane
1149 3713 1457 3798 dependet‘A'rahia

285 3819 415 3883 deserta
434 3821 609 3904 latissima,
631 3840 715 3905 quae
737 3829 787 3883 est
810 3823 915 3884 tertia
961 3817 1023 3883 Cui
1052 3829 1289 3903 unitaequenter
1312 3818 1458 3902 jungitur

283 3923 408 4000 Arabis
431 3925 518 4006 felir,
537 3925 672 4009 pandis
693 3935 726 3988 et
747 3925 864 3988 nobilis
892 3925 1015 4007 patria,
1037 3925 1070 3988 in
1092 3934 1227 4008 quaest
1249 3941 1347 4007 supra
1372 3923 1458 3986 dieta

284 4029 403 4092 civitas
424 4030 629 4092 Machometi.
668 4030 743 4092 Hae
764 4039 900 4112 quatuor
928 4029 1069 4092 Arabiae
1091 4030 1265 4092 latissimas
1287 4026 1457 4116 includunt

281 4135 433 4217 regiones
467 4142 499 4195 et
530 4134 600 4198 suis
626 4135 771 4197 terminis
798 4153 887 4196 mare
919 4152 1068 4217 maguum
1097 4143 1131 4196 et
1158 4135 1265 4196 sinum
1294 4121 1455 4193 eiehieum

279 4239 352 4302 sive
378 4259 466 4303 mare
495 4240 623 4303 rubrum
656 4247 688 4302 et
710 4240 814 4302 sinum
848 4241 1009 4321 persicum
1041 4241 1250 4320 eontiugunt,
1272 4255 1311 4300 ae
1332 4237 1454 4317 Nilum,

278 4343 488 4429 Euphratem,
500 4345 621 4430 'l'igrim
638 4353 671 4408 et
686 4344 830 4427 Physon,
844 4353 979 4427 quatuor
994 4341 1135 4426 paradisi
1151 4342 1292 4424 flumina,
1307 4346 1453 4424 tangunt.
