<?xml version="1.0" encoding="UTF-8"?>
<!DOCTYPE html PUBLIC "-//W3C//DTD XHTML 1.0 Transitional//EN"
    "http://www.w3.org/TR/xhtml1/DTD/xhtml1-transitional.dtd">
<html xmlns="http://www.w3.org/1999/xhtml" xml:lang="en" lang="en">
 <head>
  <title>
</title>
<meta http-equiv="Content-Type" content="text/html;charset=utf-8" />
  <meta name='ocr-system' content='tesseract 3.04.00' />
  <meta name='ocr-capabilities' content='ocr_page ocr_carea ocr_par ocr_line ocrx_word'/>
</head>
<body>
  <div class='ocr_page' id='page_1' title='image "./fratrisfelicisf04fabrgoog_0286.png"; bbox 0 0 3240 5222; ppageno 0'>
   <div class='ocr_carea' id='block_1_1' title="bbox 871 315 936 381">
    <p class='ocr_par' dir='ltr' id='par_1_1' title="bbox 871 315 936 381">
     <span class='ocr_line' id='line_1_1' title="bbox 871 315 936 381; baseline 0 0"><span class='ocrx_word' id='word_1_1' title='bbox 871 315 936 381; x_wconf 74' lang='lat'><strong>2¹7⁴</strong></span> 
     </span>
    </p>
   </div>
   <div class='ocr_carea' id='block_1_2' title="bbox 322 472 1494 691">
    <p class='ocr_par' dir='ltr' id='par_1_2' title="bbox 322 472 1494 691">
     <span class='ocr_line' id='line_1_2' title="bbox 322 472 1493 586; baseline -0.005 -22"><span class='ocrx_word' id='word_1_2' title='bbox 322 511 457 566; x_wconf 84' lang='lat' dir='ltr'><strong>sanetae</strong></span> <span class='ocrx_word' id='word_1_3' title='bbox 469 501 598 565; x_wconf 50' lang='lat' dir='ltr'><strong>&#39;luerint</strong></span> <span class='ocrx_word' id='word_1_4' title='bbox 618 472 827 584; x_wconf 81' lang='lat' dir='ltr'><strong>iiospitrlarii</strong></span> <span class='ocrx_word' id='word_1_5' title='bbox 846 500 880 562; x_wconf 92' lang='lat' dir='ltr'><strong>iu</strong></span> <span class='ocrx_word' id='word_1_6' title='bbox 902 499 1096 586; x_wconf 73' lang='lat' dir='ltr'><strong>Jerusalem,</strong></span> <span class='ocrx_word' id='word_1_7' title='bbox 1118 510 1226 565; x_wconf 89' lang='lat' dir='ltr'><strong>tamen</strong></span> <span class='ocrx_word' id='word_1_8' title='bbox 1246 516 1311 566; x_wconf 85' lang='lat' dir='ltr'><strong>non</strong></span> <span class='ocrx_word' id='word_1_9' title='bbox 1323 505 1393 562; x_wconf 87' lang='lat' dir='ltr'><strong>erat</strong></span> <span class='ocrx_word' id='word_1_10' title='bbox 1406 494 1493 560; x_wconf 90' lang='lat' dir='ltr'><strong>ordo.</strong></span> 
     </span>
     <span class='ocr_line' id='line_1_3' title="bbox 322 601 1494 691; baseline -0.006 -21"><span class='ocrx_word' id='word_1_11' title='bbox 322 609 457 691; x_wconf 78' lang='lat' dir='ltr'>Legitur</span> <span class='ocrx_word' id='word_1_12' title='bbox 479 607 586 688; x_wconf 81' lang='lat' dir='ltr'><strong>etiam,</strong></span> <span class='ocrx_word' id='word_1_13' title='bbox 608 614 646 668; x_wconf 88' lang='lat' dir='ltr'><strong>ut</strong></span> <span class='ocrx_word' id='word_1_14' title='bbox 667 605 818 687; x_wconf 87' lang='lat' dir='ltr'><strong>superius</strong></span> <span class='ocrx_word' id='word_1_15' title='bbox 841 603 896 668; x_wconf 82' lang='lat' dir='ltr'><strong>iol.</strong></span> <span class='ocrx_word' id='word_1_16' title='bbox 916 604 1080 690; x_wconf 80' lang='lat' dir='ltr'><strong>aes-dixi,</strong></span> <span class='ocrx_word' id='word_1_17' title='bbox 1101 605 1274 690; x_wconf 89' lang='lat' dir='ltr'><strong>quodante</strong></span> <span class='ocrx_word' id='word_1_18' title='bbox 1289 601 1494 668; x_wconf 77' lang='lat' dir='ltr'><strong>(luthfridum</strong></span> 
     </span>
    </p>
   </div>
   <div class='ocr_carea' id='block_1_3' title="bbox 321 706 1495 1110">
    <p class='ocr_par' dir='ltr' id='par_1_3' title="bbox 321 706 1495 1110">
     <span class='ocr_line' id='line_1_4' title="bbox 322 706 1495 789; baseline -0.008 -13"><span class='ocrx_word' id='word_1_19' title='bbox 322 711 364 776; x_wconf 88' lang='lat' dir='ltr'><strong>de</strong></span> <span class='ocrx_word' id='word_1_20' title='bbox 400 728 565 774; x_wconf 87' lang='lat' dir='ltr'><strong>consensu</strong></span> <span class='ocrx_word' id='word_1_21' title='bbox 600 708 733 772; x_wconf 86' lang='lat' dir='ltr'><strong>Soldani</strong></span> <span class='ocrx_word' id='word_1_22' title='bbox 770 706 947 772; x_wconf 77' lang='lat' dir='ltr'><strong>OErristiani</strong></span> <span class='ocrx_word' id='word_1_23' title='bbox 986 709 1077 772; x_wconf 88' lang='lat' dir='ltr'><strong>latini</strong></span> <span class='ocrx_word' id='word_1_24' title='bbox 1114 709 1359 774; x_wconf 84' lang='lat' dir='ltr'><strong>aedificaverint</strong></span> <span class='ocrx_word' id='word_1_25' title='bbox 1395 725 1495 789; x_wconf 89' lang='lat' dir='ltr'><strong>prope</strong></span> 
     </span>
     <span class='ocr_line' id='line_1_5' title="bbox 322 812 1495 898; baseline -0.005 -18"><span class='ocrx_word' id='word_1_26' title='bbox 322 816 492 880; x_wconf 85' lang='lat' dir='ltr'><strong>eeclesiam</strong></span> <span class='ocrx_word' id='word_1_27' title='bbox 516 813 668 878; x_wconf 88' lang='lat' dir='ltr'><strong>dominici</strong></span> <span class='ocrx_word' id='word_1_28' title='bbox 705 812 869 897; x_wconf 71' lang='lat' dir='ltr'><strong>sepulchri</strong></span> <span class='ocrx_word' id='word_1_29' title='bbox 890 820 1023 896; x_wconf 89' lang='lat' dir='ltr'><strong>propter</strong></span> <span class='ocrx_word' id='word_1_30' title='bbox 1051 817 1240 898; x_wconf 84' lang='lat' dir='ltr'><strong>peregrinor</strong></span> <span class='ocrx_word' id='word_1_31' title='bbox 1266 812 1495 875; x_wconf 87' lang='lat' dir='ltr'><strong>monasterium</strong></span> 
     </span>
     <span class='ocr_line' id='line_1_6' title="bbox 322 917 1494 1002; baseline -0.005 -18"><span class='ocrx_word' id='word_1_32' title='bbox 322 922 478 1002; x_wconf 87' lang='lat' dir='ltr'><strong>virorum,</strong></span> <span class='ocrx_word' id='word_1_33' title='bbox 508 920 540 981; x_wconf 91' lang='lat' dir='ltr'><strong>iu</strong></span> <span class='ocrx_word' id='word_1_34' title='bbox 568 937 632 1002; x_wconf 92' lang='lat' dir='ltr'><strong>quo</strong></span> <span class='ocrx_word' id='word_1_35' title='bbox 653 917 795 999; x_wconf 88' lang='lat' dir='ltr'><strong>hospitio</strong></span> <span class='ocrx_word' id='word_1_36' title='bbox 817 917 1054 998; x_wconf 72' lang='lat' dir='ltr'><strong>recipiebantur</strong></span> <span class='ocrx_word' id='word_1_37' title='bbox 1084 919 1146 982; x_wconf 90' lang='lat' dir='ltr'><strong>viri</strong></span> <span class='ocrx_word' id='word_1_38' title='bbox 1167 917 1350 1000; x_wconf 80' lang='lat' dir='ltr'><strong>peregrini,</strong></span> <span class='ocrx_word' id='word_1_39' title='bbox 1380 923 1494 998; x_wconf 84' lang='lat' dir='ltr'><strong>postea</strong></span> 
     </span>
     <span class='ocr_line' id='line_1_7' title="bbox 321 1017 1493 1110; baseline -0.009 -21"><span class='ocrx_word' id='word_1_40' title='bbox 321 1034 453 1110; x_wconf 89' lang='lat' dir='ltr'><strong>propter</strong></span> <span class='ocrx_word' id='word_1_41' title='bbox 475 1025 672 1107; x_wconf 81' lang='lat' dir='ltr'><strong>frequentem</strong></span> <span class='ocrx_word' id='word_1_42' title='bbox 696 1021 871 1084; x_wconf 91' lang='lat' dir='ltr'><strong>adventum</strong></span> <span class='ocrx_word' id='word_1_43' title='bbox 894 1023 1103 1086; x_wconf 79' lang='lat' dir='ltr'><strong>foeminarum</strong></span> <span class='ocrx_word' id='word_1_44' title='bbox 1132 1023 1376 1105; x_wconf 77' lang='lat' dir='ltr'><strong>peregrinarum</strong></span> <span class='ocrx_word' id='word_1_45' title='bbox 1401 1017 1493 1081; x_wconf 91' lang='lat' dir='ltr'><strong>aedi-</strong></span> 
     </span>
    </p>
   </div>
   <div class='ocr_carea' id='block_1_4' title="bbox 322 1123 1494 1210">
    <p class='ocr_par' dir='ltr' id='par_1_4' title="bbox 322 1123 1494 1210">
     <span class='ocr_line' id='line_1_8' title="bbox 322 1123 1494 1210; baseline -0.009 -16"><span class='ocrx_word' id='word_1_46' title='bbox 322 1132 450 1194; x_wconf 87' lang='lat' dir='ltr'><strong>fleatnm</strong></span> <span class='ocrx_word' id='word_1_47' title='bbox 486 1137 538 1190; x_wconf 88' lang='lat' dir='ltr'><strong>est</strong></span> <span class='ocrx_word' id='word_1_48' title='bbox 568 1125 656 1188; x_wconf 91' lang='lat' dir='ltr'><strong>aliud</strong></span> <span class='ocrx_word' id='word_1_49' title='bbox 692 1126 939 1210; x_wconf 84' lang='lat' dir='ltr'><strong>monasterium,</strong></span> <span class='ocrx_word' id='word_1_50' title='bbox 973 1127 1006 1190; x_wconf 93' lang='lat' dir='ltr'><strong>iu</strong></span> <span class='ocrx_word' id='word_1_51' title='bbox 1035 1145 1100 1210; x_wconf 93' lang='lat' dir='ltr'><strong>quo</strong></span> <span class='ocrx_word' id='word_1_52' title='bbox 1133 1127 1306 1188; x_wconf 82' lang='lat' dir='ltr'><strong>manebant</strong></span> <span class='ocrx_word' id='word_1_53' title='bbox 1334 1123 1494 1188; x_wconf 79' lang='lat' dir='ltr'><strong>foeminae</strong></span> 
     </span>
    </p>
   </div>
   <div class='ocr_carea' id='block_1_5' title="bbox 321 1231 1619 1319">
    <p class='ocr_par' dir='ltr' id='par_1_5' title="bbox 321 1231 1619 1319">
     <span class='ocr_line' id='line_1_9' title="bbox 321 1231 1619 1319; baseline -0.006 -21"><span class='ocrx_word' id='word_1_54' title='bbox 321 1235 527 1319; x_wconf 84' lang='lat' dir='ltr'><strong>peregrinae.</strong></span> <span class='ocrx_word' id='word_1_55' title='bbox 579 1233 699 1296; x_wconf 88' lang='lat' dir='ltr'><strong>Postea</strong></span> <span class='ocrx_word' id='word_1_56' title='bbox 734 1249 814 1295; x_wconf 85' lang='lat' dir='ltr'><strong>vero</strong></span> <span class='ocrx_word' id='word_1_57' title='bbox 847 1233 1030 1295; x_wconf 85' lang='lat' dir='ltr'><strong>confluente</strong></span> <span class='ocrx_word' id='word_1_58' title='bbox 1061 1231 1280 1312; x_wconf 87' lang='lat' dir='ltr'><strong>multitudine,</strong></span> <span class='ocrx_word' id='word_1_59' title='bbox 1316 1246 1390 1291; x_wconf 86' lang='lat' dir='ltr'><strong>enm</strong></span> <span class='ocrx_word' id='word_1_60' title='bbox 1429 1243 1493 1290; x_wconf 91' lang='lat' dir='ltr'><strong>uon</strong></span> <span class='ocrx_word' id='word_1_61' title='bbox 1618 1285 1619 1290; x_wconf 75' lang='grc'>,</span> 
     </span>
    </p>
   </div>
   <div class='ocr_carea' id='block_1_6' title="bbox 321 1329 1494 1525">
    <p class='ocr_par' dir='ltr' id='par_1_6' title="bbox 321 1329 1494 1525">
     <span class='ocr_line' id='line_1_10' title="bbox 321 1329 1494 1424; baseline -0.009 -20"><span class='ocrx_word' id='word_1_62' title='bbox 321 1348 456 1424; x_wconf 81' lang='lat' dir='ltr'><strong>possent</strong></span> <span class='ocrx_word' id='word_1_63' title='bbox 478 1337 574 1416; x_wconf 48' lang='lat' dir='ltr'><strong>diota¹</strong></span> <span class='ocrx_word' id='word_1_64' title='bbox 596 1335 793 1399; x_wconf 86' lang='lat' dir='ltr'><strong>monasteria</strong></span> <span class='ocrx_word' id='word_1_65' title='bbox 823 1336 863 1399; x_wconf 94' lang='lat' dir='ltr'><strong>ad</strong></span> <span class='ocrx_word' id='word_1_66' title='bbox 895 1338 1110 1420; x_wconf 70' lang='lat' dir='ltr'><strong>receptionem</strong></span> <span class='ocrx_word' id='word_1_67' title='bbox 1139 1343 1249 1398; x_wconf 85' lang='lat' dir='ltr'><strong>tantae</strong></span> <span class='ocrx_word' id='word_1_68' title='bbox 1280 1329 1494 1396; x_wconf 90' lang='lat' dir='ltr'><strong>multitudinis</strong></span> 
     </span>
     <span class='ocr_line' id='line_1_11' title="bbox 322 1437 1493 1525; baseline -0.009 -17"><span class='ocrx_word' id='word_1_69' title='bbox 322 1445 486 1525; x_wconf 84' lang='lat' dir='ltr'><strong>sufficere,</strong></span> <span class='ocrx_word' id='word_1_70' title='bbox 519 1442 666 1503; x_wconf 84' lang='lat' dir='ltr'><strong>iecerunt</strong></span> <span class='ocrx_word' id='word_1_71' title='bbox 685 1440 785 1503; x_wconf 85' lang='lat' dir='ltr'><strong>abbas</strong></span> <span class='ocrx_word' id='word_1_72' title='bbox 807 1447 839 1501; x_wconf 89' lang='lat' dir='ltr'><strong>et</strong></span> <span class='ocrx_word' id='word_1_73' title='bbox 857 1441 1006 1503; x_wconf 81' lang='lat' dir='ltr'><strong>monaehi</strong></span> <span class='ocrx_word' id='word_1_74' title='bbox 1029 1440 1188 1525; x_wconf 75' lang='lat' dir='ltr'><strong>quoddam</strong></span> <span class='ocrx_word' id='word_1_75' title='bbox 1212 1437 1373 1521; x_wconf 86' lang='lat' dir='ltr'><strong>hospitale</strong></span> <span class='ocrx_word' id='word_1_76' title='bbox 1393 1453 1493 1518; x_wconf 86' lang='lat' dir='ltr'><strong>prope</strong></span> 
     </span>
    </p>
   </div>
   <div class='ocr_carea' id='block_1_7' title="bbox 323 1539 1617 1630">
    <p class='ocr_par' dir='ltr' id='par_1_7' title="bbox 323 1539 1617 1630">
     <span class='ocr_line' id='line_1_12' title="bbox 323 1539 1617 1630; baseline -0.01 -18"><span class='ocrx_word' id='word_1_77' title='bbox 323 1546 571 1630; x_wconf 85' lang='lat' dir='ltr'><strong>eamcapellam</strong></span> <span class='ocrx_word' id='word_1_78' title='bbox 595 1545 805 1608; x_wconf 90' lang='lat' dir='ltr'><strong>inhonorem</strong></span> <span class='ocrx_word' id='word_1_79' title='bbox 829 1544 916 1606; x_wconf 88' lang='lat' dir='ltr'><strong>beati</strong></span> <span class='ocrx_word' id='word_1_80' title='bbox 942 1545 1103 1608; x_wconf 86' lang='lat' dir='ltr'><strong>Jobaunis</strong></span> <span class='ocrx_word' id='word_1_81' title='bbox 1131 1543 1406 1626; x_wconf 78' lang='lat' dir='ltr'><strong>Eleemosynarii,</strong></span> <span class='ocrx_word' id='word_1_82' title='bbox 1435 1539 1493 1623; x_wconf 92' lang='lat' dir='ltr'><strong>qui</strong></span> <span class='ocrx_word' id='word_1_83' title='bbox 1614 1590 1617 1619; x_wconf 72' lang='grc'>,</span> 
     </span>
    </p>
   </div>
   <div class='ocr_carea' id='block_1_8' title="bbox 322 1643 1493 2148">
    <p class='ocr_par' dir='ltr' id='par_1_8' title="bbox 322 1643 1493 2148">
     <span class='ocr_line' id='line_1_13' title="bbox 323 1643 1492 1734; baseline -0.009 -17"><span class='ocrx_word' id='word_1_84' title='bbox 323 1655 433 1734; x_wconf 30' lang='lat' dir='ltr'><strong>iuerat,</strong></span> <span class='ocrx_word' id='word_1_85' title='bbox 446 1649 631 1734; x_wconf 74' lang='lat' dir='ltr'><strong>patriarche</strong></span> <span class='ocrx_word' id='word_1_86' title='bbox 653 1646 904 1728; x_wconf 83' lang='lat' dir='ltr'><strong>Alexandrinus,</strong></span> <span class='ocrx_word' id='word_1_87' title='bbox 925 1649 977 1710; x_wconf 86' lang='lat' dir='ltr'><strong>vir</strong></span> <span class='ocrx_word' id='word_1_88' title='bbox 997 1664 1143 1713; x_wconf 85' lang='lat' dir='ltr'><strong>summae</strong></span> <span class='ocrx_word' id='word_1_89' title='bbox 1164 1649 1303 1731; x_wconf 85' lang='lat' dir='ltr'><strong>pietatis,</strong></span> <span class='ocrx_word' id='word_1_90' title='bbox 1326 1655 1359 1708; x_wconf 84' lang='lat' dir='ltr'><strong>et</strong></span> <span class='ocrx_word' id='word_1_91' title='bbox 1379 1645 1414 1707; x_wconf 90' lang='lat' dir='ltr'><strong>in</strong></span> <span class='ocrx_word' id='word_1_92' title='bbox 1434 1643 1492 1708; x_wconf 88' lang='lat' dir='ltr'><strong>itto</strong></span> 
     </span>
     <span class='ocr_line' id='line_1_14' title="bbox 322 1748 1493 1840; baseline -0.01 -18"><span class='ocrx_word' id='word_1_93' title='bbox 322 1756 473 1840; x_wconf 81' lang='lat' dir='ltr'><strong>hospitati</strong></span> <span class='ocrx_word' id='word_1_94' title='bbox 505 1756 679 1820; x_wconf 88' lang='lat' dir='ltr'><strong>manebant</strong></span> <span class='ocrx_word' id='word_1_95' title='bbox 701 1753 881 1835; x_wconf 85' lang='lat' dir='ltr'><strong>peregrini,</strong></span> <span class='ocrx_word' id='word_1_96' title='bbox 903 1760 936 1814; x_wconf 91' lang='lat' dir='ltr'><strong>et</strong></span> <span class='ocrx_word' id='word_1_97' title='bbox 958 1750 999 1814; x_wconf 88' lang='lat' dir='ltr'><strong>de</strong></span> <span class='ocrx_word' id='word_1_98' title='bbox 1019 1761 1155 1835; x_wconf 90' lang='lat' dir='ltr'><strong>utruque</strong></span> <span class='ocrx_word' id='word_1_99' title='bbox 1179 1752 1373 1814; x_wconf 86' lang='lat' dir='ltr'><strong>munasterio</strong></span> <span class='ocrx_word' id='word_1_100' title='bbox 1395 1748 1493 1812; x_wconf 86' lang='lat' dir='ltr'><strong>mitti-</strong></span> 
     </span>
     <span class='ocr_line' id='line_1_15' title="bbox 322 1854 1492 1940; baseline -0.005 -19"><span class='ocrx_word' id='word_1_101' title='bbox 322 1858 509 1921; x_wconf 84' lang='lat' dir='ltr'><strong>strabautnr</strong></span> <span class='ocrx_word' id='word_1_102' title='bbox 530 1859 579 1921; x_wconf 91' lang='lat' dir='ltr'><strong>eis</strong></span> <span class='ocrx_word' id='word_1_103' title='bbox 600 1854 788 1930; x_wconf 79' lang='lat' dir='ltr'><strong>necessarie</strong></span> <span class='ocrx_word' id='word_1_104' title='bbox 807 1875 865 1939; x_wconf 90' lang='lat' dir='ltr'><strong>per</strong></span> <span class='ocrx_word' id='word_1_105' title='bbox 879 1855 1056 1920; x_wconf 87' lang='lat' dir='ltr'><strong>monachos</strong></span> <span class='ocrx_word' id='word_1_106' title='bbox 1071 1863 1105 1917; x_wconf 89' lang='lat' dir='ltr'><strong>et</strong></span> <span class='ocrx_word' id='word_1_107' title='bbox 1126 1855 1393 1940; x_wconf 86' lang='lat' dir='ltr'><strong>moniales,&#39;quos</strong></span> <span class='ocrx_word' id='word_1_108' title='bbox 1413 1861 1492 1936; x_wconf 90' lang='lat' dir='ltr'><strong>puto</strong></span> 
     </span>
     <span class='ocr_line' id='line_1_16' title="bbox 325 1960 1493 2044; baseline -0.003 -20"><span class='ocrx_word' id='word_1_109' title='bbox 325 1962 436 2024; x_wconf 85' lang='lat' dir='ltr'><strong>luisse</strong></span> <span class='ocrx_word' id='word_1_110' title='bbox 469 1960 590 2024; x_wconf 80' lang='lat' dir='ltr'><strong>ordinis</strong></span> <span class='ocrx_word' id='word_1_111' title='bbox 619 1961 655 2024; x_wconf 86' lang='lat' dir='ltr'><strong>S.</strong></span> <span class='ocrx_word' id='word_1_112' title='bbox 678 1961 865 2043; x_wconf 86' lang='lat' dir='ltr'><strong>Benedicti,</strong></span> <span class='ocrx_word' id='word_1_113' title='bbox 898 1963 975 2044; x_wconf 86' lang='lat' dir='ltr'><strong>quia</strong></span> <span class='ocrx_word' id='word_1_114' title='bbox 1007 1961 1137 2024; x_wconf 84' lang='lat' dir='ltr'><strong>inerunt</strong></span> <span class='ocrx_word' id='word_1_115' title='bbox 1155 1962 1265 2024; x_wconf 81' lang='lat' dir='ltr'><strong>Latini</strong></span> <span class='ocrx_word' id='word_1_116' title='bbox 1291 1963 1325 2022; x_wconf 89' lang='lat' dir='ltr'><strong>in</strong></span> <span class='ocrx_word' id='word_1_117' title='bbox 1355 1967 1493 2042; x_wconf 86' lang='lat' dir='ltr'><strong>utroque</strong></span> 
     </span>
     <span class='ocr_line' id='line_1_17' title="bbox 323 2064 1490 2148; baseline -0.004 -20"><span class='ocrx_word' id='word_1_118' title='bbox 323 2068 537 2147; x_wconf 89' lang='lat' dir='ltr'><strong>monasterio,</strong></span> <span class='ocrx_word' id='word_1_119' title='bbox 574 2083 637 2129; x_wconf 89' lang='lat' dir='ltr'><strong>uec</strong></span> <span class='ocrx_word' id='word_1_120' title='bbox 666 2065 772 2129; x_wconf 90' lang='lat' dir='ltr'><strong>adbuc</strong></span> <span class='ocrx_word' id='word_1_121' title='bbox 808 2066 977 2128; x_wconf 86' lang='lat' dir='ltr'><strong>inchoatus</strong></span> <span class='ocrx_word' id='word_1_122' title='bbox 1000 2066 1061 2128; x_wconf 84' lang='lat' dir='ltr'><strong>luit</strong></span> <span class='ocrx_word' id='word_1_123' title='bbox 1082 2064 1161 2128; x_wconf 92' lang='lat' dir='ltr'><strong>ordo</strong></span> <span class='ocrx_word' id='word_1_124' title='bbox 1180 2065 1490 2148; x_wconf 85' lang='lat' dir='ltr'><strong>Hospitaliariorum.</strong></span> 
     </span>
    </p>
   </div>
   <div class='ocr_carea' id='block_1_9' title="bbox 321 2167 1620 2358">
    <p class='ocr_par' dir='ltr' id='par_1_9' title="bbox 321 2167 1620 2358">
     <span class='ocr_line' id='line_1_18' title="bbox 322 2167 1620 2253; baseline -0.007 -18"><span class='ocrx_word' id='word_1_125' title='bbox 322 2171 519 2235; x_wconf 86' lang='lat' dir='ltr'><strong>Procedenti</strong></span> <span class='ocrx_word' id='word_1_126' title='bbox 540 2181 647 2235; x_wconf 88' lang='lat' dir='ltr'><strong>antem</strong></span> <span class='ocrx_word' id='word_1_127' title='bbox 671 2180 831 2253; x_wconf 88' lang='lat' dir='ltr'><strong>tempore,</strong></span> <span class='ocrx_word' id='word_1_128' title='bbox 853 2189 925 2233; x_wconf 90' lang='lat' dir='ltr'><strong>eum</strong></span> <span class='ocrx_word' id='word_1_129' title='bbox 955 2179 1041 2232; x_wconf 87' lang='lat' dir='ltr'><strong>terra</strong></span> <span class='ocrx_word' id='word_1_130' title='bbox 1062 2179 1176 2233; x_wconf 89' lang='lat' dir='ltr'><strong>sancta</strong></span> <span class='ocrx_word' id='word_1_131' title='bbox 1196 2175 1386 2252; x_wconf 85' lang='lat' dir='ltr'><strong>recuperata</strong></span> <span class='ocrx_word' id='word_1_132' title='bbox 1407 2167 1492 2230; x_wconf 88' lang='lat' dir='ltr'><strong>iuis-</strong></span> <span class='ocrx_word' id='word_1_133' title='bbox 1619 2214 1620 2247; x_wconf 65' lang='lat'><strong>,</strong></span> 
     </span>
     <span class='ocr_line' id='line_1_19' title="bbox 321 2271 1491 2358; baseline -0.004 -20"><span class='ocrx_word' id='word_1_134' title='bbox 321 2284 374 2338; x_wconf 88' lang='lat' dir='ltr'><strong>set</strong></span> <span class='ocrx_word' id='word_1_135' title='bbox 403 2283 515 2338; x_wconf 84' lang='lat' dir='ltr'><strong>atrax</strong></span> <span class='ocrx_word' id='word_1_136' title='bbox 547 2277 661 2338; x_wconf 90' lang='lat' dir='ltr'><strong>tertius</strong></span> <span class='ocrx_word' id='word_1_137' title='bbox 682 2276 886 2357; x_wconf 81' lang='lat' dir='ltr'><strong>Latinorum,</strong></span> <span class='ocrx_word' id='word_1_138' title='bbox 910 2274 1097 2356; x_wconf 88' lang='lat' dir='ltr'><strong>Baldninus,</strong></span> <span class='ocrx_word' id='word_1_139' title='bbox 1118 2293 1230 2358; x_wconf 90' lang='lat' dir='ltr'><strong>paoem</strong></span> <span class='ocrx_word' id='word_1_140' title='bbox 1253 2285 1357 2338; x_wconf 87' lang='lat' dir='ltr'><strong>terrae</strong></span> <span class='ocrx_word' id='word_1_141' title='bbox 1378 2271 1491 2336; x_wconf 89' lang='lat' dir='ltr'><strong>dedis-</strong></span> 
     </span>
    </p>
   </div>
   <div class='ocr_carea' id='block_1_10' title="bbox 320 2376 1490 3197">
    <p class='ocr_par' dir='ltr' id='par_1_10' title="bbox 320 2376 1490 3197">
     <span class='ocr_line' id='line_1_20' title="bbox 321 2376 1490 2464; baseline -0.004 -21"><span class='ocrx_word' id='word_1_142' title='bbox 321 2389 391 2462; x_wconf 91' lang='lat' dir='ltr'><strong>set,</strong></span> <span class='ocrx_word' id='word_1_143' title='bbox 430 2381 656 2442; x_wconf 82' lang='lat' dir='ltr'><strong>corrilnxerunt</strong></span> <span class='ocrx_word' id='word_1_144' title='bbox 683 2381 718 2442; x_wconf 92' lang='lat' dir='ltr'><strong>in</strong></span> <span class='ocrx_word' id='word_1_145' title='bbox 756 2397 875 2462; x_wconf 81' lang='lat' dir='ltr'><strong>magua</strong></span> <span class='ocrx_word' id='word_1_146' title='bbox 904 2380 997 2463; x_wconf 89' lang='lat' dir='ltr'><strong>copia</strong></span> <span class='ocrx_word' id='word_1_147' title='bbox 1029 2380 1192 2464; x_wconf 79' lang='lat' dir='ltr'><strong>peregrini</strong></span> <span class='ocrx_word' id='word_1_148' title='bbox 1221 2378 1262 2442; x_wconf 86' lang='lat' dir='ltr'><strong>ad</strong></span> <span class='ocrx_word' id='word_1_149' title='bbox 1295 2376 1490 2458; x_wconf 81' lang='lat' dir='ltr'><strong>Jemsatem,</strong></span> 
     </span>
     <span class='ocr_line' id='line_1_21' title="bbox 325 2483 1490 2566; baseline -0.003 -20"><span class='ocrx_word' id='word_1_150' title='bbox 325 2483 411 2546; x_wconf 91' lang='lat' dir='ltr'><strong>nude</strong></span> <span class='ocrx_word' id='word_1_151' title='bbox 442 2483 544 2545; x_wconf 87' lang='lat' dir='ltr'><strong>abbas</strong></span> <span class='ocrx_word' id='word_1_152' title='bbox 573 2485 759 2545; x_wconf 89' lang='lat' dir='ltr'><strong>monasterii</strong></span> <span class='ocrx_word' id='word_1_153' title='bbox 780 2504 839 2565; x_wconf 90' lang='lat' dir='ltr'><strong>pro</strong></span> <span class='ocrx_word' id='word_1_154' title='bbox 861 2486 1002 2547; x_wconf 87' lang='lat' dir='ltr'><strong>virorum</strong></span> <span class='ocrx_word' id='word_1_155' title='bbox 1036 2484 1171 2547; x_wconf 87' lang='lat' dir='ltr'><strong>servitio</strong></span> <span class='ocrx_word' id='word_1_156' title='bbox 1194 2483 1362 2566; x_wconf 87' lang='lat' dir='ltr'><strong>deputavit</strong></span> <span class='ocrx_word' id='word_1_157' title='bbox 1383 2499 1490 2565; x_wconf 90' lang='lat' dir='ltr'><strong>quen-</strong></span> 
     </span>
     <span class='ocr_line' id='line_1_22' title="bbox 322 2586 1489 2669; baseline -0.003 -19"><span class='ocrx_word' id='word_1_158' title='bbox 322 2587 396 2650; x_wconf 86' lang='lat' dir='ltr'><strong>dam</strong></span> <span class='ocrx_word' id='word_1_159' title='bbox 418 2586 555 2650; x_wconf 91' lang='lat' dir='ltr'><strong>nobilem</strong></span> <span class='ocrx_word' id='word_1_160' title='bbox 581 2587 704 2668; x_wconf 86' lang='lat' dir='ltr'><strong>virum,</strong></span> <span class='ocrx_word' id='word_1_161' title='bbox 738 2589 853 2669; x_wconf 85' lang='lat' dir='ltr'><strong>quise</strong></span> <span class='ocrx_word' id='word_1_162' title='bbox 874 2587 915 2650; x_wconf 90' lang='lat' dir='ltr'><strong>ad</strong></span> <span class='ocrx_word' id='word_1_163' title='bbox 936 2588 1000 2652; x_wconf 88' lang='lat' dir='ltr'><strong>hoc</strong></span> <span class='ocrx_word' id='word_1_164' title='bbox 1020 2588 1210 2652; x_wconf 79' lang='lat' dir='ltr'><strong>&#39;voluntarie</strong></span> <span class='ocrx_word' id='word_1_165' title='bbox 1239 2588 1489 2669; x_wconf 84' lang='lat' dir='ltr'><strong>mancipaverat,</strong></span> 
     </span>
     <span class='ocr_line' id='line_1_23' title="bbox 323 2691 1489 2775; baseline -0.004 -18"><span class='ocrx_word' id='word_1_166' title='bbox 323 2691 523 2757; x_wconf 86' lang='lat' dir='ltr'><strong>Gerhardum</strong></span> <span class='ocrx_word' id='word_1_167' title='bbox 545 2692 684 2754; x_wconf 83' lang='lat' dir='ltr'><strong>nomine</strong></span> <span class='ocrx_word' id='word_1_168' title='bbox 728 2693 907 2755; x_wconf 85' lang='lat' dir='ltr'><strong>Abbatissa</strong></span> <span class='ocrx_word' id='word_1_169' title='bbox 927 2711 1007 2756; x_wconf 90' lang='lat' dir='ltr'><strong>vero</strong></span> <span class='ocrx_word' id='word_1_170' title='bbox 1028 2711 1085 2775; x_wconf 92' lang='lat' dir='ltr'><strong>pro</strong></span> <span class='ocrx_word' id='word_1_171' title='bbox 1113 2693 1247 2755; x_wconf 88' lang='lat' dir='ltr'><strong>servitio</strong></span> <span class='ocrx_word' id='word_1_172' title='bbox 1279 2693 1489 2756; x_wconf 82' lang='lat' dir='ltr'><strong>foeminarum</strong></span> 
     </span>
     <span class='ocr_line' id='line_1_24' title="bbox 321 2783 1490 2882; baseline -0.003 -22"><span class='ocrx_word' id='word_1_173' title='bbox 321 2797 482 2882; x_wconf 81' lang='lat' dir='ltr'><strong>quendam</strong></span> <span class='ocrx_word' id='word_1_174' title='bbox 518 2795 656 2860; x_wconf 89' lang='lat' dir='ltr'><strong>nobilem</strong></span> <span class='ocrx_word' id='word_1_175' title='bbox 692 2793 870 2860; x_wconf 82' lang='lat' dir='ltr'><strong>Romanam</strong></span> <span class='ocrx_word' id='word_1_176' title='bbox 900 2799 1051 2860; x_wconf 88' lang='lat' dir='ltr'><strong>instituit.</strong></span> <span class='ocrx_word' id='word_1_177' title='bbox 1101 2798 1176 2861; x_wconf 84' lang='lat' dir='ltr'><strong>Hac</strong></span> <span class='ocrx_word' id='word_1_178' title='bbox 1211 2783 1294 2862; x_wconf 83' lang='lat' dir='ltr'><strong>duae</strong></span> <span class='ocrx_word' id='word_1_179' title='bbox 1328 2811 1490 2879; x_wconf 83' lang='lat' dir='ltr'><strong>personae</strong></span> 
     </span>
     <span class='ocr_line' id='line_1_25' title="bbox 320 2899 1489 2985; baseline -0.003 -20"><span class='ocrx_word' id='word_1_180' title='bbox 320 2901 393 2967; x_wconf 87' lang='lat' dir='ltr'><strong>Dec</strong></span> <span class='ocrx_word' id='word_1_181' title='bbox 416 2901 554 2966; x_wconf 86' lang='lat' dir='ltr'><strong>devotae</strong></span> <span class='ocrx_word' id='word_1_182' title='bbox 576 2900 741 2982; x_wconf 89' lang='lat' dir='ltr'><strong>praedicto</strong></span> <span class='ocrx_word' id='word_1_183' title='bbox 763 2902 872 2964; x_wconf 89' lang='lat' dir='ltr'><strong>abbati</strong></span> <span class='ocrx_word' id='word_1_184' title='bbox 892 2901 1107 2966; x_wconf 87' lang='lat' dir='ltr'><strong>obedientiam</strong></span> <span class='ocrx_word' id='word_1_185' title='bbox 1127 2902 1291 2985; x_wconf 80' lang='lat' dir='ltr'><strong>fovebant,</strong></span> <span class='ocrx_word' id='word_1_186' title='bbox 1309 2899 1489 2964; x_wconf 89' lang='lat' dir='ltr'><strong>secundum</strong></span> 
     </span>
     <span class='ocr_line' id='line_1_26' title="bbox 321 3003 1488 3091; baseline -0.004 -20"><span class='ocrx_word' id='word_1_187' title='bbox 321 3007 449 3072; x_wconf 89' lang='lat' dir='ltr'><strong>modum</strong></span> <span class='ocrx_word' id='word_1_188' title='bbox 471 3007 604 3069; x_wconf 88' lang='lat' dir='ltr'><strong>vivendi</strong></span> <span class='ocrx_word' id='word_1_189' title='bbox 636 3006 838 3089; x_wconf 82' lang='lat' dir='ltr'><strong>hospitaliter</strong></span> <span class='ocrx_word' id='word_1_190' title='bbox 859 3025 907 3070; x_wconf 88' lang='lat' dir='ltr'><strong>sc.</strong></span> <span class='ocrx_word' id='word_1_191' title='bbox 935 3007 1114 3071; x_wconf 86' lang='lat' dir='ltr'><strong>viventium</strong></span> <span class='ocrx_word' id='word_1_192' title='bbox 1148 3025 1344 3091; x_wconf 80' lang='lat' dir='ltr'><strong>corrgruum,</strong></span> <span class='ocrx_word' id='word_1_193' title='bbox 1376 3005 1426 3068; x_wconf 87' lang='lat' dir='ltr'><strong>eis</strong></span> <span class='ocrx_word' id='word_1_194' title='bbox 1446 3003 1488 3066; x_wconf 88' lang='lat' dir='ltr'><strong>ab</strong></span> 
     </span>
     <span class='ocr_line' id='line_1_27' title="bbox 322 3109 1487 3197; baseline -0.002 -25"><span class='ocrx_word' id='word_1_195' title='bbox 322 3112 439 3174; x_wconf 85' lang='lat' dir='ltr'><strong>abbate</strong></span> <span class='ocrx_word' id='word_1_196' title='bbox 474 3110 516 3173; x_wconf 87' lang='lat' dir='ltr'><strong>de</strong></span> <span class='ocrx_word' id='word_1_197' title='bbox 548 3127 711 3173; x_wconf 85' lang='lat' dir='ltr'><strong>consensu</strong></span> <span class='ocrx_word' id='word_1_198' title='bbox 758 3111 959 3193; x_wconf 82' lang='lat' dir='ltr'><strong>patriarchae</strong></span> <span class='ocrx_word' id='word_1_199' title='bbox 994 3112 1261 3197; x_wconf 81' lang='lat' dir='ltr'><strong>Jercsolyruitanl</strong></span> <span class='ocrx_word' id='word_1_200' title='bbox 1298 3109 1487 3195; x_wconf 83' lang='lat' dir='ltr'><strong>praefixum.</strong></span> 
     </span>
    </p>
   </div>
   <div class='ocr_carea' id='block_1_11' title="bbox 170 3214 1488 3300">
    <p class='ocr_par' dir='ltr' id='par_1_11' title="bbox 170 3214 1488 3300">
     <span class='ocr_line' id='line_1_28' title="bbox 170 3214 1488 3300; baseline -0.002 -24"><span class='ocrx_word' id='word_1_201' title='bbox 170 3270 192 3300; x_wconf 42' lang='lat' dir='ltr'><em>l</em></span> <span class='ocrx_word' id='word_1_202' title='bbox 320 3215 464 3298; x_wconf 80' lang='lat' dir='ltr'><strong>Eratque</strong></span> <span class='ocrx_word' id='word_1_203' title='bbox 495 3215 635 3277; x_wconf 87' lang='lat' dir='ltr'><strong>vestitus</strong></span> <span class='ocrx_word' id='word_1_204' title='bbox 667 3232 776 3296; x_wconf 86' lang='lat' dir='ltr'><strong>eorum</strong></span> <span class='ocrx_word' id='word_1_205' title='bbox 804 3214 973 3278; x_wconf 82' lang='lat' dir='ltr'><strong>incilicia</strong></span> <span class='ocrx_word' id='word_1_206' title='bbox 1002 3215 1111 3281; x_wconf 86' lang='lat' dir='ltr'><strong>divino</strong></span> <span class='ocrx_word' id='word_1_207' title='bbox 1143 3219 1328 3282; x_wconf 88' lang='lat' dir='ltr'><strong>mantellum</strong></span> <span class='ocrx_word' id='word_1_208' title='bbox 1361 3215 1488 3295; x_wconf 80' lang='lat' dir='ltr'><strong>nigrum</strong></span> 
     </span>
    </p>
   </div>
   <div class='ocr_carea' id='block_1_12' title="bbox 308 3317 1489 4456">
    <p class='ocr_par' dir='ltr' id='par_1_12' title="bbox 308 3317 1489 4456">
     <span class='ocr_line' id='line_1_29' title="bbox 321 3317 1489 3407; baseline -0.003 -27"><span class='ocrx_word' id='word_1_209' title='bbox 321 3335 393 3380; x_wconf 89' lang='lat' dir='ltr'><strong>oum</strong></span> <span class='ocrx_word' id='word_1_210' title='bbox 415 3317 490 3380; x_wconf 82' lang='lat' dir='ltr'><strong>alba</strong></span> <span class='ocrx_word' id='word_1_211' title='bbox 510 3333 630 3398; x_wconf 89' lang='lat' dir='ltr'><strong>cruce,</strong></span> <span class='ocrx_word' id='word_1_212' title='bbox 652 3325 684 3379; x_wconf 90' lang='lat' dir='ltr'><strong>et</strong></span> <span class='ocrx_word' id='word_1_213' title='bbox 708 3321 906 3400; x_wconf 85' lang='lat' dir='ltr'><strong>augmentati</strong></span> <span class='ocrx_word' id='word_1_214' title='bbox 926 3328 1003 3382; x_wconf 87' lang='lat' dir='ltr'><strong>sunt</strong></span> <span class='ocrx_word' id='word_1_215' title='bbox 1023 3323 1057 3382; x_wconf 93' lang='lat' dir='ltr'><strong>in</strong></span> <span class='ocrx_word' id='word_1_216' title='bbox 1082 3331 1222 3407; x_wconf 89' lang='lat' dir='ltr'><strong>tantum,</strong></span> <span class='ocrx_word' id='word_1_217' title='bbox 1253 3332 1288 3386; x_wconf 94' lang='lat' dir='ltr'><strong>ut</strong></span> <span class='ocrx_word' id='word_1_218' title='bbox 1312 3340 1371 3404; x_wconf 86' lang='lat' dir='ltr'><strong>per</strong></span> <span class='ocrx_word' id='word_1_219' title='bbox 1392 3335 1489 3380; x_wconf 92' lang='lat' dir='ltr'><strong>muu-</strong></span> 
     </span>
     <span class='ocr_line' id='line_1_30' title="bbox 321 3418 1489 3510; baseline -0.002 -25"><span class='ocrx_word' id='word_1_220' title='bbox 321 3420 396 3485; x_wconf 85' lang='lat' dir='ltr'><strong>dum</strong></span> <span class='ocrx_word' id='word_1_221' title='bbox 429 3418 566 3504; x_wconf 78' lang='lat' dir='ltr'><strong>grautlie</strong></span> <span class='ocrx_word' id='word_1_222' title='bbox 603 3424 799 3504; x_wconf 83' lang='lat' dir='ltr'><strong>monasteria</strong></span> <span class='ocrx_word' id='word_1_223' title='bbox 827 3425 1117 3508; x_wconf 88' lang='lat' dir='ltr'><strong>constituerentur,</strong></span> <span class='ocrx_word' id='word_1_224' title='bbox 1151 3429 1226 3510; x_wconf 88' lang='lat' dir='ltr'><strong>quia</strong></span> <span class='ocrx_word' id='word_1_225' title='bbox 1252 3421 1489 3508; x_wconf 77' lang='lat' dir='ltr'><strong>religiosissimi</strong></span> 
     </span>
     <span class='ocr_line' id='line_1_31' title="bbox 321 3523 1489 3613; baseline 0.004 -26"><span class='ocrx_word' id='word_1_226' title='bbox 321 3535 412 3602; x_wconf 76' lang='lat' dir='ltr'><strong>eraut</strong></span> <span class='ocrx_word' id='word_1_227' title='bbox 450 3539 512 3587; x_wconf 92' lang='lat' dir='ltr'><strong>nec</strong></span> <span class='ocrx_word' id='word_1_228' title='bbox 546 3523 664 3586; x_wconf 86' lang='lat' dir='ltr'><strong>malum</strong></span> <span class='ocrx_word' id='word_1_229' title='bbox 686 3523 756 3588; x_wconf 84' lang='lat' dir='ltr'><strong>fleri</strong></span> <span class='ocrx_word' id='word_1_230' title='bbox 783 3529 941 3592; x_wconf 82' lang='lat' dir='ltr'><strong>sinebant.</strong></span> <span class='ocrx_word' id='word_1_231' title='bbox 985 3527 1116 3613; x_wconf 87' lang='lat' dir='ltr'><strong>Duplici</strong></span> <span class='ocrx_word' id='word_1_232' title='bbox 1138 3541 1245 3594; x_wconf 88' lang='lat' dir='ltr'><strong>autem</strong></span> <span class='ocrx_word' id='word_1_233' title='bbox 1276 3527 1408 3594; x_wconf 85' lang='lat' dir='ltr'><strong>nomine</strong></span> <span class='ocrx_word' id='word_1_234' title='bbox 1425 3547 1489 3612; x_wconf 88' lang='lat' dir='ltr'><strong>ap-</strong></span> 
     </span>
     <span class='ocr_line' id='line_1_32' title="bbox 319 3630 1488 3720; baseline 0.004 -28"><span class='ocrx_word' id='word_1_235' title='bbox 319 3631 432 3714; x_wconf 82' lang='lat' dir='ltr'><strong>pellari</strong></span> <span class='ocrx_word' id='word_1_236' title='bbox 454 3636 646 3712; x_wconf 89' lang='lat' dir='ltr'><strong>coeperunt:</strong></span> <span class='ocrx_word' id='word_1_237' title='bbox 669 3630 799 3713; x_wconf 88' lang='lat' dir='ltr'><strong>quidam</strong></span> <span class='ocrx_word' id='word_1_238' title='bbox 822 3651 879 3696; x_wconf 87' lang='lat' dir='ltr'><strong>ecs</strong></span> <span class='ocrx_word' id='word_1_239' title='bbox 896 3633 1100 3698; x_wconf 88' lang='lat' dir='ltr'><strong>nominabant</strong></span> <span class='ocrx_word' id='word_1_240' title='bbox 1120 3637 1377 3720; x_wconf 86' lang='lat' dir='ltr'><strong>Hospitalarios,</strong></span> <span class='ocrx_word' id='word_1_241' title='bbox 1411 3635 1488 3719; x_wconf 90' lang='lat' dir='ltr'><strong>quia</strong></span> 
     </span>
     <span class='ocr_line' id='line_1_33' title="bbox 319 3734 1489 3822; baseline 0.009 -24"><span class='ocrx_word' id='word_1_242' title='bbox 319 3738 541 3820; x_wconf 82' lang='lat' dir='ltr'><strong>magisterium</strong></span> <span class='ocrx_word' id='word_1_243' title='bbox 564 3734 733 3818; x_wconf 87' lang='lat' dir='ltr'><strong>hospitalis</strong></span> <span class='ocrx_word' id='word_1_244' title='bbox 754 3736 933 3822; x_wconf 74' lang='lat' dir='ltr'><strong>habebant,</strong></span> <span class='ocrx_word' id='word_1_245' title='bbox 976 3739 1031 3801; x_wconf 89' lang='lat' dir='ltr'><strong>alii</strong></span> <span class='ocrx_word' id='word_1_246' title='bbox 1047 3757 1110 3802; x_wconf 61' lang='lat' dir='ltr'><strong>‘eos</strong></span> <span class='ocrx_word' id='word_1_247' title='bbox 1132 3742 1338 3804; x_wconf 85' lang='lat' dir='ltr'><strong>nominabant</strong></span> <span class='ocrx_word' id='word_1_248' title='bbox 1357 3739 1489 3810; x_wconf 71' lang='lat' dir='ltr'><strong>senap-</strong></span> 
     </span>
     <span class='ocr_line' id='line_1_34' title="bbox 318 3842 1489 3929; baseline 0.003 -26"><span class='ocrx_word' id='word_1_249' title='bbox 318 3842 421 3924; x_wconf 87' lang='lat' dir='ltr'><strong>nitas,</strong></span> <span class='ocrx_word' id='word_1_250' title='bbox 444 3851 575 3924; x_wconf 90' lang='lat' dir='ltr'><strong>propter</strong></span> <span class='ocrx_word' id='word_1_251' title='bbox 595 3850 741 3904; x_wconf 82' lang='lat' dir='ltr'><strong>sanctum</strong></span> <span class='ocrx_word' id='word_1_252' title='bbox 763 3842 947 3906; x_wconf 88' lang='lat' dir='ltr'><strong>Johaunem</strong></span> <span class='ocrx_word' id='word_1_253' title='bbox 968 3843 1276 3929; x_wconf 81' lang='lat' dir='ltr'><strong>Eleemosyuan&#39;nm,</strong></span> <span class='ocrx_word' id='word_1_254' title='bbox 1298 3847 1352 3911; x_wconf 82' lang='lat' dir='ltr'><strong>eui</strong></span> <span class='ocrx_word' id='word_1_255' title='bbox 1372 3844 1489 3928; x_wconf 79' lang='lat' dir='ltr'><strong>hospi·</strong></span> 
     </span>
     <span class='ocr_line' id='line_1_35' title="bbox 317 3944 1488 4032; baseline 0.002 -24"><span class='ocrx_word' id='word_1_256' title='bbox 317 3944 384 4008; x_wconf 86' lang='lat' dir='ltr'><strong>tale</strong></span> <span class='ocrx_word' id='word_1_257' title='bbox 410 3944 716 4028; x_wconf 78' lang='lat' dir='ltr'><strong>Jerosotymtrmum</strong></span> <span class='ocrx_word' id='word_1_258' title='bbox 750 3947 931 4012; x_wconf 88' lang='lat' dir='ltr'><strong>dedicatum</strong></span> <span class='ocrx_word' id='word_1_259' title='bbox 960 3959 1046 4030; x_wconf 84' lang='lat' dir='ltr'><strong>erat,</strong></span> <span class='ocrx_word' id='word_1_260' title='bbox 1074 3957 1107 4012; x_wconf 90' lang='lat' dir='ltr'><strong>et</strong></span> <span class='ocrx_word' id='word_1_261' title='bbox 1136 3950 1199 4014; x_wconf 91' lang='lat' dir='ltr'><strong>hoc</strong></span> <span class='ocrx_word' id='word_1_262' title='bbox 1227 3967 1345 4013; x_wconf 91' lang='lat' dir='ltr'><strong>nomeu</strong></span> <span class='ocrx_word' id='word_1_263' title='bbox 1381 3967 1488 4032; x_wconf 86' lang='lat' dir='ltr'><strong>usque</strong></span> 
     </span>
     <span class='ocr_line' id='line_1_36' title="bbox 318 4049 1487 4133; baseline 0.002 -19"><span class='ocrx_word' id='word_1_264' title='bbox 318 4049 414 4114; x_wconf 85' lang='lat' dir='ltr'><strong>hodie</strong></span> <span class='ocrx_word' id='word_1_265' title='bbox 436 4052 591 4133; x_wconf 91' lang='lat' dir='ltr'><strong>retinent,</strong></span> <span class='ocrx_word' id='word_1_266' title='bbox 614 4059 646 4112; x_wconf 89' lang='lat' dir='ltr'><strong>et</strong></span> <span class='ocrx_word' id='word_1_267' title='bbox 668 4055 708 4114; x_wconf 90' lang='lat' dir='ltr'><strong>ob</strong></span> <span class='ocrx_word' id='word_1_268' title='bbox 730 4050 882 4133; x_wconf 81' lang='lat' dir='ltr'><strong>majorem</strong></span> <span class='ocrx_word' id='word_1_269' title='bbox 904 4056 1117 4118; x_wconf 88' lang='lat' dir='ltr'><strong>reverentiam</strong></span> <span class='ocrx_word' id='word_1_270' title='bbox 1139 4071 1231 4118; x_wconf 89' lang='lat' dir='ltr'><strong>suam</strong></span> <span class='ocrx_word' id='word_1_271' title='bbox 1252 4053 1289 4118; x_wconf 85' lang='lat' dir='ltr'><strong>S.</strong></span> <span class='ocrx_word' id='word_1_272' title='bbox 1302 4054 1487 4119; x_wconf 72' lang='lat' dir='ltr'><strong>iohannem</strong></span> 
     </span>
     <span class='ocr_line' id='line_1_37' title="bbox 308 4154 1487 4243; baseline 0.003 -27"><span class='ocrx_word' id='word_1_273' title='bbox 308 4154 496 4237; x_wconf 14' lang='lat' dir='ltr'><strong>&#39;Baptistam</strong></span> <span class='ocrx_word' id='word_1_274' title='bbox 516 4157 549 4216; x_wconf 92' lang='lat' dir='ltr'><strong>in</strong></span> <span class='ocrx_word' id='word_1_275' title='bbox 567 4165 734 4239; x_wconf 88' lang='lat' dir='ltr'><strong>patronum</strong></span> <span class='ocrx_word' id='word_1_276' title='bbox 754 4167 977 4240; x_wconf 89' lang='lat' dir='ltr'><strong>susceperunt,</strong></span> <span class='ocrx_word' id='word_1_277' title='bbox 1000 4165 1168 4243; x_wconf 90' lang='lat' dir='ltr'><strong>postquam</strong></span> <span class='ocrx_word' id='word_1_278' title='bbox 1185 4159 1323 4223; x_wconf 86' lang='lat' dir='ltr'><strong>insulam</strong></span> <span class='ocrx_word' id='word_1_279' title='bbox 1335 4157 1487 4222; x_wconf 81' lang='lat' dir='ltr'><strong>Rhodum</strong></span> 
     </span>
     <span class='ocr_line' id='line_1_38' title="bbox 315 4253 1489 4348; baseline 0.001 -25"><span class='ocrx_word' id='word_1_280' title='bbox 315 4259 549 4343; x_wconf 87' lang='lat' dir='ltr'><strong>possederunt,</strong></span> <span class='ocrx_word' id='word_1_281' title='bbox 571 4264 655 4326; x_wconf 84' lang='lat' dir='ltr'><strong>sicut</strong></span> <span class='ocrx_word' id='word_1_282' title='bbox 676 4253 708 4326; x_wconf 85' lang='lat' dir='ltr'><strong>et</strong></span> <span class='ocrx_word' id='word_1_283' title='bbox 731 4264 875 4346; x_wconf 85' lang='lat' dir='ltr'><strong>regulam</strong></span> <span class='ocrx_word' id='word_1_284' title='bbox 897 4265 983 4326; x_wconf 89' lang='lat' dir='ltr'><strong>beati</strong></span> <span class='ocrx_word' id='word_1_285' title='bbox 1003 4263 1179 4347; x_wconf 78' lang='lat' dir='ltr'><strong>Augustini</strong></span> <span class='ocrx_word' id='word_1_286' title='bbox 1200 4264 1344 4348; x_wconf 81' lang='lat' dir='ltr'><strong>profiteri</strong></span> <span class='ocrx_word' id='word_1_287' title='bbox 1365 4281 1489 4344; x_wconf 86' lang='lat' dir='ltr'><strong>coepe-</strong></span> 
     </span>
     <span class='ocr_line' id='line_1_39' title="bbox 316 4367 1489 4456; baseline 0.002 -26"><span class='ocrx_word' id='word_1_288' title='bbox 316 4367 390 4430; x_wconf 86' lang='lat' dir='ltr'><strong>runt</strong></span> <span class='ocrx_word' id='word_1_289' title='bbox 412 4374 492 4449; x_wconf 86' lang='lat' dir='ltr'><strong>post</strong></span> <span class='ocrx_word' id='word_1_290' title='bbox 514 4383 623 4433; x_wconf 86' lang='lat' dir='ltr'><strong>eorum</strong></span> <span class='ocrx_word' id='word_1_291' title='bbox 656 4369 877 4451; x_wconf 88' lang='lat' dir='ltr'><strong>expulsionem</strong></span> <span class='ocrx_word' id='word_1_292' title='bbox 900 4367 1138 4456; x_wconf 73' lang='lat' dir='ltr'><strong>adeundam,</strong></span> <span class='ocrx_word' id='word_1_293' title='bbox 1171 4370 1264 4455; x_wconf 87' lang='lat' dir='ltr'><strong>quia,</strong></span> <span class='ocrx_word' id='word_1_294' title='bbox 1296 4369 1372 4434; x_wconf 90' lang='lat' dir='ltr'><strong>dum</strong></span> <span class='ocrx_word' id='word_1_295' title='bbox 1394 4376 1489 4446; x_wconf 82' lang='lat' dir='ltr'><strong>eraut</strong></span> 
     </span>
    </p>
   </div>
   <div class='ocr_carea' id='block_1_13' title="bbox 0 0 1624 5222">
    <p class='ocr_par' dir='ltr' id='par_1_13' title="bbox 0 0 1624 5222">
     <span class='ocr_line' id='line_1_40' title="bbox 0 0 1624 5222; baseline 0 2"><span class='ocrx_word' id='word_1_296' title='bbox 0 0 1624 5222; x_wconf 95' lang='lat' dir='ltr'><strong> </strong></span> 
     </span>
    </p>
   </div>
  </div>
 </body>
</html>
