3202 5218
701 333 765 398 533

145 516 316 588 ramosiore
336 515 466 596 insigne
487 512 655 597 plurimum
681 513 886 596 sepulchrum
909 514 1145 576 construxerint
1176 529 1313 596 eumque

6 615 8 623 ’
144 620 225 704 (70
236 625 281 697 a)
304 619 375 683 loco
397 617 449 680 dei
472 616 617 680 colerent
639 626 670 679 et
692 618 732 680 ab
752 637 791 680 eo
813 618 942 680 rubrum
961 635 1049 680 maro
1070 616 1311 681 denominarent

3 766 9 782 ·
142 726 374 810 Erythraeum,
406 741 470 805 quo
502 723 631 784 tremine
663 721 770 784 adbuc
804 720 921 785 Graeci
958 721 1021 784 lroc
1062 738 1151 784 mare
1182 730 1310 783 vocant.

143 831 286 894 Hebraei
307 836 414 892 antem
437 829 602 891 nominant
631 827 705 889 Jam
737 825 849 909 Snpb,
881 835 917 888 ut
943 825 1141 908 leronymus
1169 824 1249 887 dicit
1278 827 1311 888 in

143 933 290 1019 Epistola
311 932 352 995 ad
374 931 540 995 Fabiolam
567 931 608 992 de
628 929 691 992 Xll
713 931 943 992 mansionibus.

229 1039 331 1121 Igitur
364 1035 438 1098 dnm
467 1034 605 1118 amplius
631 1053 727 1117 qnam
749 1053 808 1116 per
840 1033 939 1096 borao
969 1034 1107 1116 spatium
1136 1033 1231 1115 juxta
1252 1033 1314 1098 boc

144 1161 233 1206 maro
254 1139 568 1222 deambulassemus,
590 1139 700 1202 asinos
722 1136 928 1201 ascendimus
949 1147 983 1200 et
1002 1155 1075 1200 cum
1098 1137 1197 1200 multa
1219 1138 1314 1200 lesti-

144 1247 255 1310 nantia
275 1245 315 1308 ad
335 1247 423 1306 viam
446 1246 566 1328 regiam
589 1251 662 1326 post
684 1242 825 1306 camelos
846 1243 1046 1305 cucurrimus
1068 1243 1191 1325 bestiis,
1214 1241 1311 1325 longo

146 1354 231 1414 enlm
254 1351 359 1433 spatio
381 1366 441 1411 nos
474 1356 730 1431 praecesserant,
752 1355 785 1408 et
807 1349 896 1410 anxii
918 1347 1131 1430 festinantes,
1154 1366 1195 1409 ne
1216 1347 1314 1410 etiam

146 1471 378 1537 separaremur.
410 1450 689 1514 Videntesautorn
707 1451 845 1533 Arabes,
868 1452 923 1536 qni
934 1451 1100 1515 nobiscnm
1127 1460 1228 1534 erant,
1251 1467 1313 1512 no-

5 1578 7 1586 ·
143 1565 415 1621 atrum-conatum
444 1553 485 1616 ad
519 1555 670 1619 festinum
692 1573 899 1639 processum,
929 1558 1081 1619 invemat
1109 1572 1171 1618 nos
1200 1555 1313 1617 minari

144 1661 255 1725 minos
273 1659 396 1722 lanceis
418 1659 488 1722 suls
510 1679 530 1722 a
550 1668 643 1742 tergo
664 1659 775 1722 asinos
796 1659 996 1744 pungentes,
1019 1659 1107 1744 quod
1128 1660 1210 1722 asini
1232 1676 1312 1722 sen-

145 1763 263 1826 tientes
286 1762 492 1825 velocissimo
514 1781 610 1826 eursu
633 1766 718 1826 sient
744 1766 818 1846 equi
839 1765 1005 1848 fugiebant
1028 1765 1170 1828 Arabum
1192 1763 1310 1828 stimu-

146 1867 309 1949 lationem,
331 1866 447 1949 qnibus
470 1875 576 1930 tamen
598 1867 725 1929 Arabes
752 1869 996 1932 concurrebant.
1041 1869 1223 1952 Numquam
1246 1867 1314 1931 vidi

145 1971 290 2034 homines
312 1980 377 2033 tam
409 1969 567 2035 velociter
601 1978 788 2055 currentes,
820 1973 905 2038 sieut
933 1974 988 2036 isti
1009 1982 1159 2056 currunt,
1191 1973 1312 2037 habent

145 2077 229 2139 euim
252 2091 346 2139 erura
368 2092 476 2140 macra
497 2085 530 2138 et
552 2076 648 2158 dura,
670 2093 732 2139 nee
753 2088 829 2140 sunt
849 2077 985 2141 calceati
1006 2095 1068 2139 nec
1086 2077 1228 2160 caligati,
1249 2093 1311 2140 nec

145 2182 254 2262 cincti,
278 2180 472 2243 manducant
491 2197 607 2262 panem
630 2187 734 2243 artum
756 2190 787 2243 et
813 2199 929 2264 aquam
946 2183 1079 2245 brevem
1100 2182 1221 2262 bibunt,
1239 2180 1312 2245 idae

144 2287 177 2348 in
210 2284 367 2349 currendo
396 2305 461 2349 non
490 2286 653 2348 sustinent
681 2285 844 2370 pulmonis
877 2285 1057 2350 molestiam
1089 2293 1143 2348 aut
1169 2287 1312 2367 pectoris

143 2407 314 2473 pressuras
342 2396 397 2452 ant
429 2389 590 2452 anhelitus
610 2391 902 2473 abbreviationem,
935 2409 1018 2473 qnae
1040 2391 1146 2453 omnia
1167 2407 1228 2452 nos
1249 2390 1310 2452 ba-

143 2495 273 2576 bemus,
295 2503 390 2577 puts,
421 2502 553 2577 propter
573 2493 780 2557 cottidianam
805 2493 1022 2576 repletionem.
1065 2493 1206 2558 Gurmnt
1227 2495 1312 2557 onitu

143 2599 228 2661 sicut
247 2615 401 2682 capreae,
423 2616 507 2681 quae
527 2607 691 2661 morantur
711 2600 743 2662 iu
766 2598 881 2677 silvis,
903 2600 987 2662 sicut
1009 2598 1152 2682 Asabol,
1171 2600 1202 2662 2
1225 2597 1309 2681 Reg.

143 2703 204 2785 ll.,
228 2719 289 2764 nec
311 2721 394 2785 equo
415 2701 522 2765 veloci
542 2710 657 2766 vectus
679 2712 792 2785 posset
814 2721 871 2767 oos
894 2703 1057 2787 elingere,
1080 2705 1157 2786 qnia
1180 2721 1310 2766 cursum

143 2822 237 2868 suum
257 2807 289 2867 in
306 2805 435 2888 longum
455 2815 592 2888 possunt
613 2808 803 2869 continuare
819 2817 851 2869 et
862 2808 923 2870 lnoc
943 2809 1046 2891 agunt
1058 2826 1129 2872 eum
1152 2807 1312 2873 hilaritate

145 2918 177 2972 ot
200 2909 331 2972 laetitia.
374 2893 557 2991 Numquam
591 2910 625 2972 in
658 2919 726 2974 tota
754 2910 811 2973 illa
840 2913 1099 2994 peregrinatione
1129 2912 1163 2973 in
1190 2920 1312 2979 tanatum

145 3015 242 3076 risum
264 3014 427 3077 resolutus
457 3015 519 3094 lul,
556 3014 643 3078 sient
666 3017 698 3077 in
722 3032 863 3077 ascensu
885 3032 904 3076 a
926 3015 1005 3077 mari
1028 3019 1122 3079 rubro
1156 3014 1197 3078 ad
1224 3018 1311 3079 viam

145 3118 283 3200 regiam,
319 3119 396 3200 quia
416 3118 543 3181 Arabes
572 3118 764 3200 jocabantur
794 3119 961 3182 nobiscum
982 3127 1017 3181 et
1049 3121 1307 3203 praecurrebant,

144 3220 307 3284 saltabant
329 3229 363 3285 et
390 3240 462 3284 eum
495 3222 618 3286 lanceis
650 3222 854 3292 dimicabant.
896 3223 972 3285 nult
1003 3233 1110 3287 tamen
1142 3227 1226 3289 inter
1253 3243 1311 3288 eos

142 3325 267 3388 alienus
288 3344 371 3389 nnus
392 3328 510 3411 Arabs,
530 3345 625 3410 quem
647 3329 738 3410 prins
765 3346 828 3390 non
851 3326 1013 3412 videram,
1033 3332 1088 3412 qul
1111 3331 1209 3394 miras
1228 3330 1312 3393 trul-

145 3431 197 3494 las
219 3438 253 3493 et
276 3431 442 3495 latuitates
477 3433 614 3495 iaciebat
622 3477 632 3515 ,
667 3433 766 3516 adeo,
799 3431 886 3516 qnod
916 3433 1109 3518 aliquotiens
1139 3434 1311 3518 desperavi

140 3553 193 3599 me
213 3553 312 3618 posse
333 3537 365 3598 in
387 3537 480 3599 asinio
512 3555 642 3599 manere
671 3555 750 3620 prae
782 3538 858 3600 risu.
902 3535 1170 3601 continuavimus
1203 3550 1311 3603 antem

139 3655 267 3702 cursum
289 3639 378 3700 illum
400 3657 472 3700 enm
496 3641 601 3702 trullis
626 3641 767 3702 Arabum
794 3639 836 3703 ad
858 3639 921 3702 duo
945 3640 1091 3701 milliaria
1114 3642 1309 3704 theutonica.

139 3743 224 3807 Cum
246 3751 351 3806 autem
375 3741 416 3803 ad
437 3746 558 3825 regiam
580 3744 666 3804 viam
684 3742 900 3822 venissemus,
913 3741 1141 3805 descendimus
1155 3745 1188 3807 in
1204 3762 1310 3826 quan-

141 3847 213 3912 tlam
237 3846 332 3910 aliam
358 3846 454 3908 latam
477 3845 658 3929 planitiem,
688 3845 721 3906 in
751 3861 815 3926 qna
847 3843 987 3907 vidimus
1008 3847 1198 3912 accumbere
1215 3849 1310 3933 juxta

140 3953 246 4015 fontes
268 3951 311 4015 ibi
335 3960 504 4013 manantes
525 3948 668 4013 arnelas
690 3956 818 4011 nostros
840 3965 911 4013 eum
934 3948 1124 4016 camelariis.
1157 3956 1309 4019 Descen-

141 4053 245 4118 dimus
267 4073 346 4138 orgo
375 4064 407 4119 ot
437 4055 532 4138 juxta
565 4055 672 4118 sontes
701 4052 775 4117 illos
805 4057 1016 4137 pausavimus
1047 4068 1081 4121 et
1112 4061 1255 4124 camelos
1276 4069 1310 4122 et

141 4158 252 4220 alnos
273 4157 526 4243 adaquavimns,
549 4159 772 4224 abominabilis
793 4169 900 4224 autem
932 4162 991 4225 luit
1012 4164 1105 4226 nobis
1136 4162 1191 4224 ills
1213 4180 1307 4246 aqna,

141 4257 217 4341 quia
241 4269 309 4323 orat
337 4262 571 4346 aliquantulum
603 4263 693 4328 salsa
714 4272 747 4326 ot
774 4281 847 4326 oum
870 4264 932 4328 hoe
964 4275 1033 4328 orat
1054 4265 1159 4329 calida
1182 4265 1308 4331 lactan

142 4359 213 4423 sole
244 4368 278 4423 et
311 4363 419 4427 colore
450 4367 555 4428 rubra.
612 4365 757 4449 Campus
784 4365 839 4428 ille
870 4376 903 4429 ot
934 4366 1095 4430 desertum
1128 4371 1309 4434 nominatur
