3204 5216
715 309 781 376 toi

33 503 35 578 t
148 478 389 576 ratisbonam
404 491 610 567 s'aretiabore
627 491 835 577 abpndobant
855 501 987 578 prqter
1003 488 1108 558 territe
1120 495 1329 570 ierssitatam.

33 605 34 658 ἕ
149 595 280 696 Quinto
302 586 433 663 menon
450 577 585 681 pauperi
606 607 639 661 et
660 617 766 683 egeno
784 616 849 662 non
866 601 1088 683 porrigebant,
1099 601 1183 684 quia·
1191 603 1332 668 immites

150 714 266 788 erant,
288 712 322 766 et
354 701 476 768 oallnn
501 703 651 785 hospitio·
667 705 815 787 recipere
836 703 991 768 volebant
1008 702 1164 786 alienum,
1186 715 1221 768 nt
1242 713 1333 790 patet

150 811 278 872 Genes.
311 807 407 890 xlx,
439 809 516 891 quia
543 807 676 870 alienis·
703 828 768 872 non
803 817 882 872 erat·
899 809 1094 892 hospitium,
1129 811 1192 872 nisi
1222 809 1332 893 platea

150 900 296 997 pnlrlioa.
327 912 492 981 Fsoeunt
513 912 598 974 enim
621 913 816 996 municipale
837 921 957 995 statum
980 913 1173 996 (statutum)
1195 933 1237 976 ne
1259 916 1331 997 quis

150 1018 374 1082 adventantes
395 1017 534 1100 bospitio
564 1018 741 1100 reciperet,
774 1018 849 1102 qnia
870 1019 966 1100 regio
995 1027 1064 1081 erat
1085 1017 1269 1102 abundans,
1297 1027 1331 1082 et

137 1124 249 1186 ‘multi
271 1139 432 1207 pauperes
463 1120 504 1186 de
526 1121 641 1188 ononis
671 1123 859 1206 regionibus
891 1121 938 1184 ad
956 1122 1076 1201 vallem
1103 1123 1190 1186 illarh
1213 1111 1331 1188 corlin-

153 1229 290 1312 giobant
308 1235 441 1310 propter
458 1225 589 1292 iaeilem
612 1212 828 1295 notrnionemss
872 1227 1033 1292 Putabant
1055 1235 1164 1294 autem
1191 1246 1230 1291 se
1250 1247 1330 1316 gra-

153 1335 226 1398 vari
246 1353 267 1399 a
284 1332 499 1416 pauperibus,
522 1331 818 1424 ordinaveruntque
839 1332 959 1416 expelli
979 1347 1140 1416 pauperes
1162 1341 1195 1395 et
1215 1333 1330 1416 bospi-

155 1448 223 1520 tes,
256 1437 344 1501 unde
375 1435 524 1519 puellam·
545 1435 711 1521 quandem
738 1436 943 1502 necaverunt*
969 1455 1071 1500 saeva
1101 1446 1218 1520 morte,
1252 1439 1329 1522 qnia

153 1542 407 1626 hospitalitatem
441 1540 628 1603 exhibuerat
669 1549 703 1604 et
724 1559 839 1624 panem
864 1543 1022 1608 obtulerat
1045 1541 1172 1607 cuidam
1195 1543 1329 1625 pauperi

153 1665 192 1710 se
213 1649 346 1730 petenti.
389 1647 443 1708 Ex
463 1645 515 1709 his
536 1647 680 1728 quinque
712 1648 908 1730 sequebatur
933 1655 1080 1732 sextum,
1109 1646 1329 1712 detestabilis·

152 1754 272 1814 simum
306 1749 472 1817 sodomiae
504 1750 634 1832 vitium,
666 1750 753 1834 quotl
789 1770 887 1814 unum
920 1730 1045 1819 est'de
1067 1753 1211 1837 quinque
1237 1752 1328 1816 vitiis

152 1851 368 1925 clamantibus
386 1856 420 1917 iu
439 1854 573 1918 eoelum.
603 1853 698 1918 Unde
710 1853 832 1920 (iones.
849 1857 898 1920 18Ὶ
923 1866 955 1918 et
979 1857 1030 1920 19.
1052 1856 1133 1920 dixit
1153 1855 1326 1922 nominos:

152 1961 277 2024 elamor
311 1957 473 2024 Sodomae
501 1969 534 2023 et
563 1957 763 2024 Gomorrbae
791 1958 1022 2044 mdltiplioatus
1062 1971 1113 2024 est
1147 1969 1210 2024 eto.
1253 1955 1358 2026 Neo'

153 2063 214 2128 luit
235 2065 389 2128 inventus
421 2067 597 2147 innocens,
633 2064 695 2126 hoo
720 2066 800 2126 vitio
824 2083 889 2128 non
919 2063 1115 2147 maculatus,
1144 2067 1209 2128 nisi
1229 2066 1325 2130 iroth.

153 2167 229 2247 Quo
250 2185 309 2251 per
329 2169 476 2252 angelos·
492 2168 609 2232 edunto
641 2167 723 2250 pluit
754 2167 913 2231 Dominus
934 2167 1050 2249 iguem
1082 2177 1116 2230 et
1137 2168 1271 2250 sulphur
1291 2171 1327 2230 in

153 2275 319 2355 regionrn
339 2272 446 2356 iiiam,
479 2282 515 2335 et
535 2273 694 2335 universa
725 2278 896 2337 eortsumta
928 2279 1006 2337 stant
1037 2289 1143 2354 usque
1165 2273 1200 2334 in
1222 2281 1328 2335 terrae

152 2377 283 2442 visoera
303 2377 380 2460 igne
400 2376 536 2441 coelesti
561 2375 746 2440 terribiliter
763 2385 953 2459 grassante,
981 2393 1144 2460 versaque
1165 2386 1216 2440 est
1238 2377 1327 2459 regio

153 2483 209 2546 illa
230 2484 264 2545 in
287 2482 391 2554 loouor
412 2481 555 2546 sterilem
578 2481 660 2544 salis
682 2490 715 2544 et
745 2480 918 2564 foetidum,
949 2497 1055 2564 usque
1083 2483 1116 2544 in
1137 2481 1327 2548 hodiernum

154 2585 249 2655 dien.
269 2585 433 2663 Cessante
454 2589 541 2649 enirn
561 2586 655 2669 igne,
677 2584 831 2649 Jordauis
852 2596 884 2649 et
909 2586 963 2650 alii
983 2593 1146 2651 torrentes
1166 2590 1200 2650 in
1221 2587 1326 2651 loeum

154 2692 334 2755 exustionis
354 2689 536 2753 inoideutes
556 2691 745 2773 voraginem
763 2698 797 2754 et
818 2692 961 2774 Malum,
981 2710 1078 2776 quem
1096 2695 1187 2781 igniis
1209 2700 1326 2756 terram

153 2812 350 2863 nonsnmerm
372 2789 565 2879 rdiqoeiot,
584 2796 799 2878 impleverunt
817 2798 852 2860 in
868 2797 1003 2878 longum
1030 2802 1065 2858 et
1085 2793 1205 2874 latum,
1228 2796 1327 2858 etita

153 2899 262 2967 laetus
283 2899 345 2964 nit
374 2899 466 2964 lacus
488 2900 577 2964 salis.
624 2897 782 2978 Quamvis
815 2909 922 2963 autem
945 2898 1100 2962 iordanis
1129 2907 1164 2961 et
1184 2898 1236 2960 alii
1255 2905 1327 2960 tor-

153 3014 264 3072 rentes
286 3023 402 3090 aquam
421 3003 558 3075 deleam
579 3004 651 3067 loeo
682 3003 841 3087 inierant,
873 3004 983 3066 statim
1016 3001 1328 3069 nomenensisoina

154 3109 312 3191 eilloiiur,
341 3108 428 3172 ultra
455 3125 569 3174 omues
591 3125 697 3193 aquas
729 3108 835 3171 salsas
857 3116 1055 3171 caeterorum
1078 3107 1231 3189 marium,
1251 3108 1328 3190 quia

154 3213 396 3298 qudmpdloem
429 3231 568 3278 musam·
592 3214 689 3277 babet
710 3230 790 3275 suae
818 3211 1011 3294 salsedinis,
1042 3211 1171 3276 soilloet
1192 3221 1327 3276 natura·

152 3319 233 3404 lam,
255 3317 466 3400 rationalem,
489 3318 714 3384 catholiealem
743 3325 778 3380 et
799 3315 982 3382 divinalem.

234 3423 343 3492 Prima
375 3439 475 3486 eausa
503 3422 676 3486 salsedinis
698 3422 785 3486 illius
817 3425 917 3486 maris
938 3431 992 3485 est
1012 3421 1189 3505 naturalis,
1214 3427 1255 3485 bt
1276 3431 1327 3489 ert

153 3526 286 3610 eadem,
308 3536 428 3610 quaet
449 3527 513 3590 alia
534 3529 635 3590 maria
655 3527 745 3590 salsa
765 3535 859 3608 sunt,
892 3535 926 3588 ut
949 3527 1054 3609 patuit
1071 3543 1173 3610 supra
1196 3527 1250 3590 iol.
1273 3528 1325 3597 to.

152 3633 194 3695 lit
215 3631 257 3695 de
286 3632 349 3694 hoo
375 3647 477 3696 nausa
507 3629 654 3714 disputat
687 3630 887 3694 Aristoteles
918 3631 952 3699 2.
973 3631 1111 3693 Meteor.
1142 3630 1326 3714 permulta

153 3744 352 3820 argumente,
397 3735 460 3798 Ubi
493 3737 588 3800 etiam
622 3735 796 3798 manifeste
815 3736 852 3797 in
877 3742 972 3800 textu
991 3734 1030 3798 iit
1057 3738 1178 3800 mentio
1208 3735 1249 3799 de
1270 3733 1326 3800 illo

153 3842 231 3905 mari
259 3849 292 3904 et
313 3841 489 3904 exoessiva
511 3840 583 3922 ejus
604 3839 779 3904 salsedine.

196 3948 203 3960 '
236 3943 390 4008 Seeunda
421 3947 503 4008 ratio
533 3944 696 4028 ostendit,
741 3945 804 4008 hoo
837 3962 925 4008 mare
959 3960 1035 4006 esse
1071 3943 1176 4026 magis
1204 3943 1326 4011 salsum

154 4049 244 4131 aliis,
277 4068 320 4112 ex
342 4045 431 4112 fideli
460 4053 602 4132 ratione,
634 4051 691 4114 oui
719 4050 795 4134 quis
825 4057 935 4132 potest
963 4049 1147 4114 consentire
1176 4049 1230 4113 vel
1252 4067 1326 4114 non.

155 4151 235 4217 (ium
256 4155 341 4218 enirn
359 4153 449 4246 iguis
466 4155 620 4220 eoelestis
641 4163 757 4218 terram
779 4153 868 4219 illam
887 4153 1041 4236 inpendit,
1053 4161 1087 4216 et
1107 4155 1139 4217 in
1158 4152 1328 4238 proirurdis

155 4259 352 4342 eonsuneit,
373 4261 492 4324 mansit
513 4261 620 4342 ipsura
644 4258 798 4343 abyssale
818 4257 952 4323 luridum
972 4255 1125 4342 ignitum,
1152 4260 1238 4322 siout
1258 4259 1328 4322 ian·

157 4379 223 4428 run
242 4365 319 4447 igne
350 4364 542 4447 inmensura,
574 4371 611 4426 et
631 4381 738 4448 aquae
759 4380 860 4447 sopor
885 4362 1016 4426 inlusae
1036 4380 1101 4425 non
1135 4361 1239 4425 solnm
1262 4377 1326 4424 nou
