3212 5206
728 283 790 352 lli

173 463 421 532 Hiniaobenam.
464 463 564 530 Porro
591 474 717 530 montes
749 466 790 530 ab
822 473 960 550 utraque
980 471 1073 548 parte
1105 464 1226 530 uallem
1256 465 1351 530 olau-

175 571 291 636 dentea
325 577 404 637 suat
425 569 575 634 altissimi
610 572 702 636 saxei
730 577 767 634 et
798 571 919 636 coloris
958 569 1048 634 rubei
1080 578 1113 632 et
1143 570 1349 655 videbantur,

173 677 268 762 qnasi
290 683 403 738 essent
422 673 495 738 oleo
522 675 660 758 inuncti,
682 677 728 740 ita
756 675 874 740 dabant
913 673 1182 758 resplendentiam
1204 677 1237 739 in
1258 676 1351 760 locis,

174 781 230 844 ubi
254 779 337 844 radii
358 777 440 842 solis
459 797 557 862 rupes
579 780 773 864 tangebant,
803 779 890 844 uude
917 797 960 844 ex
980 779 1201 844 ammiratione
1222 781 1349 844 aocessl

174 884 217 948 ad
241 904 338 948 unam
358 885 510 968 parietem
533 885 641 967 rupis,
662 901 747 970 quae
769 884 939 948 videbatur
958 902 978 948 a
999 884 1097 967 longe
1119 885 1192 948 oleo
1213 885 1349 948 humec-

174 998 259 1070 tata,
302 998 337 1055 et
359 1007 456 1054 maun
477 989 706 1072 experientiam
729 991 855 1072 accept,
885 989 963 1052 nibil
993 988 1156 1052 humidum
1181 990 1227 1052 tbi
1264 1007 1349 1075 esse,

175 1095 236 1160 sed
258 1114 300 1160 ex
321 1095 418 1158 nimia
443 1101 607 1177 petrarum
636 1092 826 1177 limpiditate
858 1095 945 1157 illam
972 1093 1241 1177 resplendentiam
1265 1093 1349 1176 lapi·

174 1199 268 1263 dibus
289 1198 450 1280 accidere,
470 1199 558 1261 sicut
579 1207 670 1281 patet
691 1199 723 1262 in
749 1199 857 1282 politis
879 1196 1051 1281 lapidibus.

259 1303 357 1367 Circa
388 1285 552 1368 meridiem
590 1302 733 1366 vidimus
759 1304 793 1366 iu
826 1304 943 1368 montis
974 1301 1143 1384 cujusdam
1179 1302 1349 1368 cacumine

174 1410 314 1473 bestiam
343 1418 449 1491 stare,
477 1425 562 1492 quae
592 1415 708 1470 eontra
743 1424 804 1470 nos
836 1407 987 1472 deorsum
1019 1407 1224 1490 respiciebat.
1275 1405 1347 1472 Nos

173 1533 253 1579 vero
271 1515 357 1578 bauo
376 1512 526 1577 videntes
548 1512 793 1575 aestimavimus
814 1529 889 1576 esse
910 1512 1067 1576 camelum
1090 1520 1123 1577 ct
1144 1511 1347 1598 mirabamur,

173 1619 336 1702 quomodo
366 1617 510 1708 camelus
536 1619 571 1679 in
599 1616 774 1681 solitudine
794 1618 923 1681 viveret
944 1625 999 1701 ei,
1019 1619 1154 1680 verbum
1180 1617 1263 1679 iuter
1284 1633 1347 1680 nos

174 1731 279 1786 ortum
303 1730 375 1805 est,
408 1723 571 1786 arretium
601 1721 717 1785 cameli
746 1720 917 1786 silvestres
938 1719 1178 1805 reperirentnr‘i
1214 1720 1347 1784 Calibus

175 1836 283 1889 autem
307 1826 351 1889 ad
375 1843 436 1889 nos
455 1828 615 1908 accessit,
647 1827 783 1889 bestiam
807 1826 892 1889 illam
922 1827 1153 1891 rhinocerotem
1188 1825 1242 1890 vel
1269 1824 1348 1888 uui-

173 1949 275 1994 cornu
297 1949 373 1993 esse
394 1934 550 2013 asseruit,
574 1930 799 1994 demonstrans
821 1931 914 1993 nobis
937 1933 1066 1993 unicum
1088 1930 1161 2012 ejus
1182 1948 1282 1994 cornu
1305 1928 1347 1993 de

174 2035 280 2099 fronte
301 2036 374 2118 ejus
395 2035 584 2118 procedens.
631 2034 713 2098 Cum
737 2052 855 2118 magna
876 2033 1044 2118 diligentia
1063 2035 1149 2101 banc
1175 2033 1344 2098 nobilissi-

173 2158 257 2204 mam
281 2140 416 2202 bestiam
442 2141 643 2223 respeximus
664 2147 698 2202 et
720 2140 930 2204 vehementer
951 2137 1149 2221 dolebamus,
1171 2136 1257 2220 quod
1280 2155 1344 2200 non

172 2245 348 2329 proximior
366 2245 460 2309 nobis
482 2245 552 2328 init,
568 2253 606 2308 nt
627 2247 733 2329 magis
755 2244 967 2309 determinate
985 2262 1057 2308 eam
1073 2243 1342 2326 inspexissemus.

170 2349 234 2412 list
255 2348 340 2411 enim
363 2349 470 2412 bestia
497 2350 580 2413 baso
609 2349 869 2433 singularissima
901 2350 933 2412 in
955 2349 1066 2412 multis
1089 2347 1342 2412 conditionibus:

170 2453 336 2535 inprimis
358 2452 490 2537 dicitur,
520 2453 605 2540 quud
637 2456 680 2517 sit
707 2454 812 2516 bestia
840 2454 1035 2516 saevissima
1070 2462 1103 2514 et
1123 2471 1222 2516 onum
1242 2469 1342 2515 cornu

170 2566 307 2641 quatuor
327 2555 445 2639 pedum
467 2558 565 2620 babet
586 2559 619 2620 in
640 2556 745 2621 medio
768 2557 882 2639 ironiis
918 2559 963 2621 ita
983 2565 1114 2621 acutum
1135 2565 1169 2620 et
1189 2556 1341 2637 validum,

169 2671 205 2724 ut
217 2660 371 2746 quidquid
384 2663 510 2744 petierit
522 2670 578 2725 aut
588 2662 734 2742 ventilet,
749 2667 812 2725 'aut
823 2663 964 2744 periuret
996 2679 1133 2744 eumque
1147 2660 1279 2744 [idque]
1302 2658 1343 2722 ad

170 2783 255 2830 saxa
275 2765 388 2846 limat,
419 2775 523 2831 etesi
545 2765 671 2830 miribel
703 2766 885 2850 splendoris
916 2774 950 2829 et
978 2784 1056 2830 ossa
1081 2765 1123 2828 de
1153 2766 1210 2829 illo
1242 2781 1342 2828 somn

172 2887 246 2933 cnm
268 2871 407 2953 gemmis
440 2871 686 2955 pretiosissimis
714 2879 939 2954 computantur
963 2879 998 2934 et
1032 2888 1110 2934 auro
1131 2888 1172 2935 ao
1207 2879 1343 2953 argento
1380 2935 1384 2944 ,

170 2973 397 3056 includuntur3
427 2974 511 3055 (⁴⁰
519 2983 564 3055 a)
586 2984 696 3041 tautae
716 2985 767 3040 est
790 2974 1004 3058 fortitudinis,
1035 2974 1179 3038 utnulla
1204 2983 1343 3038 venato-

169 3097 240 3140 rum
259 3086 328 3140 arte
349 3085 404 3140 aut
425 3077 547 3140 virtute
569 3081 733 3164 capiatur,
752 3079 822 3162 sed,
848 3079 933 3144 sicut
955 3089 1116 3164 asserunt,
1137 3079 1193 3163 qui
1217 3077 1258 3141 de
1279 3095 1342 3140 na·

170 3183 252 3246 turis
274 3200 378 3245 rerum
400 3185 617 3267 seripserunt,
639 3187 732 3269 virgo
753 3184 861 3268 puelia
881 3184 1086 3267 proponitur,
1116 3177 1201 3268 qna‘e
1221 3200 1341 3246 occur-

145 3288 253 3350 'renti
274 3287 379 3350 sinum
400 3287 520 3370 aperit,
542 3288 575 3349 iu
597 3308 661 3373 quo
682 3288 738 3352 ille
762 3291 849 3353 omni
881 3288 1052 3352 ferocitate
1073 3288 1223 3371 deposita
1243 3295 1341 3369 caput

169 3393 259 3476 ponit
296 3393 412 3477 sieque
437 3401 609 3475 soporatus
630 3392 720 3456 velot
746 3393 878 3457 inermis
907 3393 1051 3476 capiatur
1085 3401 1119 3456 et
1141 3393 1341 3456 interimatur

166 3495 284 3578 jaculis
305 3505 504 3559 venatorum.
528 3494 565 3558 Si
586 3503 695 3562 autem
716 3499 844 3562 omuino
866 3497 963 3562 vivus
979 3505 1095 3581 eaptus
1111 3497 1217 3581 inerit,
1238 3496 1340 3560 teneri

168 3619 232 3664 non
245 3607 354 3683 potest
364 3602 547 3684 impatiens,
569 3602 653 3665 etsi
674 3604 708 3665 vi
729 3610 885 3686 teneatur,
906 3602 992 3666 illioo
1013 3620 1093 3684 prae
1116 3602 1247 3667 tristitia
1268 3619 1340 3666 ruo-

168 3705 260 3786 ritnr,
282 3704 359 3787 qrria
380 3705 496 3767 animal
514 3704 709 3770 indomabile
731 3713 791 3768 est.
820 3705 900 3768 'lam
923 3706 1014 3769 iortis
1025 3715 1085 3789 est,
1107 3715 1145 3769 ut
1169 3704 1340 3788 Scriptura

167 3826 264 3872 sacra
283 3807 381 3872 Num.
403 3807 456 3874 aa.
500 3809 562 3873 liei
583 3809 802 3874 fortitudinem
822 3810 854 3873 ei
875 3819 1052 3892 comparet3
1072 3811 1171 3874 etita
1191 3807 1341 3874 indoma-

167 3912 259 3995 bilis,
289 3923 326 3974 ut
346 3913 410 3976 Job
434 3911 487 3977 89.
517 3912 658 3978 dicatur:
690 3932 862 3999 numquam
892 3913 1078 3998 alligabitur
1113 3912 1155 3978 ad
1183 3913 1339 3978 arandum

166 4017 423 4080 rhinocerontem
456 4017 525 4081 loro
552 4027 608 4082 tuo
639 4028 700 4082 etc
743 4020 787 4082 Et
819 4019 926 4083 David
968 4021 1001 4083 in
1033 4019 1115 4084 libro
1145 4019 1339 4102 psalmorum

169 4117 212 4180 de
232 4120 389 4184 unicornu
423 4121 565 4205 loquitur
593 4123 627 4186 in
649 4124 734 4186 bona
764 4123 1003 4206 significatione
1023 4132 1055 4186 et
1085 4127 1120 4186 iu
1141 4123 1235 4186 mala
1277 4121 1340 4184 Est

168 4221 253 4284 enim
282 4224 401 4290 animal
425 4243 595 4308 magnum,
628 4229 746 4310 equino
775 4244 926 4312 corpore,
954 4227 1169 4312 elephantinis
1191 4223 1343 4307 pedibus,-

168 4320 271 4385 cauda
291 4326 405 4410 sutile,
436 4329 533 4393 buxei
554 4329 690 4414 eoloris,
730 4333 853 4414 mugitu
882 4332 1063 4413 borridum,
1101 4329 1220 4394 bellum
1241 4329 1338 4392 babet
1370 4324 1385 4359 ⁹
