<?xml version="1.0" encoding="UTF-8"?>
<!DOCTYPE html PUBLIC "-//W3C//DTD XHTML 1.0 Transitional//EN"
    "http://www.w3.org/TR/xhtml1/DTD/xhtml1-transitional.dtd">
<html xmlns="http://www.w3.org/1999/xhtml" xml:lang="en" lang="en">
 <head>
  <title>
</title>
<meta http-equiv="Content-Type" content="text/html;charset=utf-8" />
  <meta name='ocr-system' content='tesseract 3.04.00' />
  <meta name='ocr-capabilities' content='ocr_page ocr_carea ocr_par ocr_line ocrx_word'/>
</head>
<body>
  <div class='ocr_page' id='page_1' title='image "./fratrisfelicisf04fabrgoog_0452.png"; bbox 0 0 3212 5206; ppageno 0'>
   <div class='ocr_carea' id='block_1_1' title="bbox 833 239 900 306">
    <p class='ocr_par' dir='ltr' id='par_1_1' title="bbox 833 239 900 306">
     <span class='ocr_line' id='line_1_1' title="bbox 833 239 900 306; baseline 0 0"><span class='ocrx_word' id='word_1_1' title='bbox 833 239 900 306; x_wconf 81' lang='lat' dir='ltr'><strong>tto</strong></span> 
     </span>
    </p>
   </div>
   <div class='ocr_carea' id='block_1_2' title="bbox 280 417 1462 714">
    <p class='ocr_par' dir='ltr' id='par_1_2' title="bbox 280 417 1462 714">
     <span class='ocr_line' id='line_1_2' title="bbox 280 417 1462 506; baseline 0.001 -21"><span class='ocrx_word' id='word_1_2' title='bbox 280 421 315 485; x_wconf 91' lang='lat' dir='ltr'><strong>in</strong></span> <span class='ocrx_word' id='word_1_3' title='bbox 336 419 401 484; x_wconf 85' lang='lat' dir='ltr'><strong>illia</strong></span> <span class='ocrx_word' id='word_1_4' title='bbox 434 417 668 502; x_wconf 80' lang='lat' dir='ltr'><strong>campestribus</strong></span> <span class='ocrx_word' id='word_1_5' title='bbox 703 422 842 485; x_wconf 88' lang='lat' dir='ltr'><strong>tentoria</strong></span> <span class='ocrx_word' id='word_1_6' title='bbox 868 419 1000 486; x_wconf 76' lang='lat' dir='ltr'><strong>nmmos</strong></span> <span class='ocrx_word' id='word_1_7' title='bbox 1031 421 1067 486; x_wconf 90' lang='lat' dir='ltr'><strong>in</strong></span> <span class='ocrx_word' id='word_1_8' title='bbox 1087 419 1160 486; x_wconf 90' lang='lat' dir='ltr'><strong>loco</strong></span> <span class='ocrx_word' id='word_1_9' title='bbox 1172 467 1182 505; x_wconf 90' lang='lat'><strong><em>,</em></strong></span> <span class='ocrx_word' id='word_1_10' title='bbox 1211 435 1307 506; x_wconf 79' lang='lat' dir='ltr'><strong>quem</strong></span> <span class='ocrx_word' id='word_1_11' title='bbox 1328 419 1462 486; x_wconf 65' lang='lat' dir='ltr'><strong>Arabo</strong></span> 
     </span>
     <span class='ocr_line' id='line_1_3' title="bbox 282 523 1459 617; baseline -0.001 -27"><span class='ocrx_word' id='word_1_12' title='bbox 282 525 490 590; x_wconf 87' lang='lat' dir='ltr'><strong>nominabant</strong></span> <span class='ocrx_word' id='word_1_13' title='bbox 519 523 753 611; x_wconf 85' lang='lat' dir='ltr'><strong>llamatbaym3</strong></span> <span class='ocrx_word' id='word_1_14' title='bbox 786 536 877 591; x_wconf 88' lang='lat' dir='ltr'><strong>erant</strong></span> <span class='ocrx_word' id='word_1_15' title='bbox 906 535 1014 591; x_wconf 90' lang='lat' dir='ltr'><strong>antem</strong></span> <span class='ocrx_word' id='word_1_16' title='bbox 1044 527 1078 590; x_wconf 92' lang='lat' dir='ltr'><strong>in</strong></span> <span class='ocrx_word' id='word_1_17' title='bbox 1106 526 1177 592; x_wconf 89' lang='lat' dir='ltr'><strong>loco</strong></span> <span class='ocrx_word' id='word_1_18' title='bbox 1207 535 1321 611; x_wconf 86' lang='lat' dir='ltr'><strong>petrae</strong></span> <span class='ocrx_word' id='word_1_19' title='bbox 1342 543 1459 617; x_wconf 71' lang='lat' dir='ltr'><strong>cavae,</strong></span> 
     </span>
     <span class='ocr_line' id='line_1_4' title="bbox 281 629 1461 714; baseline -0.002 -21"><span class='ocrx_word' id='word_1_20' title='bbox 281 649 347 693; x_wconf 91' lang='lat' dir='ltr'><strong>non</strong></span> <span class='ocrx_word' id='word_1_21' title='bbox 369 629 455 691; x_wconf 87' lang='lat' dir='ltr'><strong>altae</strong></span> <span class='ocrx_word' id='word_1_22' title='bbox 476 635 609 712; x_wconf 87' lang='lat' dir='ltr'><strong>aterra,</strong></span> <span class='ocrx_word' id='word_1_23' title='bbox 629 640 662 693; x_wconf 90' lang='lat' dir='ltr'><strong>et</strong></span> <span class='ocrx_word' id='word_1_24' title='bbox 683 631 807 694; x_wconf 86' lang='lat' dir='ltr'><strong>inistis</strong></span> <span class='ocrx_word' id='word_1_25' title='bbox 829 633 980 696; x_wconf 85' lang='lat' dir='ltr'><strong>cavernis</strong></span> <span class='ocrx_word' id='word_1_26' title='bbox 1001 631 1180 694; x_wconf 71' lang='lat' dir='ltr'><strong>locavimus</strong></span> <span class='ocrx_word' id='word_1_27' title='bbox 1198 649 1259 696; x_wconf 90' lang='lat' dir='ltr'><strong>nos</strong></span> <span class='ocrx_word' id='word_1_28' title='bbox 1274 649 1332 714; x_wconf 88' lang='lat' dir='ltr'><strong>prc</strong></span> <span class='ocrx_word' id='word_1_29' title='bbox 1348 632 1461 713; x_wconf 75' lang='lat' dir='ltr'><strong>quate</strong></span> 
     </span>
    </p>
   </div>
   <div class='ocr_carea' id='block_1_3' title="bbox 245 734 1459 2366">
    <p class='ocr_par' dir='ltr' id='par_1_3' title="bbox 245 734 1459 2366">
     <span class='ocr_line' id='line_1_5' title="bbox 281 734 1458 821; baseline 0.003 -25"><span class='ocrx_word' id='word_1_30' title='bbox 281 734 361 797; x_wconf 90' lang='lat' dir='ltr'><strong>dici:</strong></span> <span class='ocrx_word' id='word_1_31' title='bbox 384 734 548 798; x_wconf 87' lang='lat' dir='ltr'><strong>nonenim</strong></span> <span class='ocrx_word' id='word_1_32' title='bbox 574 742 760 818; x_wconf 73' lang='lat' dir='ltr'><strong>poteramus</strong></span> <span class='ocrx_word' id='word_1_33' title='bbox 782 755 913 800; x_wconf 89' lang='lat' dir='ltr'><strong>manere</strong></span> <span class='ocrx_word' id='word_1_34' title='bbox 933 737 994 798; x_wconf 85' lang='lat' dir='ltr'><strong>sub</strong></span> <span class='ocrx_word' id='word_1_35' title='bbox 1014 736 1160 799; x_wconf 89' lang='lat' dir='ltr'><strong>tentoriis</strong></span> <span class='ocrx_word' id='word_1_36' title='bbox 1173 745 1306 821; x_wconf 87' lang='lat' dir='ltr'><strong>propter</strong></span> <span class='ocrx_word' id='word_1_37' title='bbox 1324 737 1458 800; x_wconf 82' lang='lat' dir='ltr'><strong>nimium</strong></span> 
     </span>
     <span class='ocr_line' id='line_1_6' title="bbox 279 837 1458 924; baseline 0 -22"><span class='ocrx_word' id='word_1_38' title='bbox 279 838 358 902; x_wconf 88' lang='lat' dir='ltr'><strong>solis</strong></span> <span class='ocrx_word' id='word_1_39' title='bbox 383 837 549 920; x_wconf 89' lang='lat' dir='ltr'><strong>ardorem,</strong></span> <span class='ocrx_word' id='word_1_40' title='bbox 582 840 638 922; x_wconf 91' lang='lat' dir='ltr'><strong>qni</strong></span> <span class='ocrx_word' id='word_1_41' title='bbox 660 859 718 923; x_wconf 90' lang='lat' dir='ltr'><strong>per</strong></span> <span class='ocrx_word' id='word_1_42' title='bbox 739 858 862 924; x_wconf 87' lang='lat' dir='ltr'><strong>pannos</strong></span> <span class='ocrx_word' id='word_1_43' title='bbox 894 840 1100 903; x_wconf 86' lang='lat' dir='ltr'><strong>tentoriorum</strong></span> <span class='ocrx_word' id='word_1_44' title='bbox 1134 840 1324 924; x_wconf 69' lang='lat' dir='ltr'><strong>penetrabat</strong></span> <span class='ocrx_word' id='word_1_45' title='bbox 1345 849 1377 903; x_wconf 89' lang='lat' dir='ltr'><strong>et</strong></span> <span class='ocrx_word' id='word_1_46' title='bbox 1399 841 1458 903; x_wconf 94' lang='lat' dir='ltr'><strong>in-</strong></span> 
     </span>
     <span class='ocr_line' id='line_1_7' title="bbox 281 943 1459 1031; baseline 0.001 -26"><span class='ocrx_word' id='word_1_47' title='bbox 281 944 400 1005; x_wconf 92' lang='lat' dir='ltr'><strong>teriora</strong></span> <span class='ocrx_word' id='word_1_48' title='bbox 432 943 526 1025; x_wconf 87' lang='lat' dir='ltr'><strong>quasi</strong></span> <span class='ocrx_word' id='word_1_49' title='bbox 541 969 546 978; x_wconf 93' lang='lat'><strong>·</strong></span> <span class='ocrx_word' id='word_1_50' title='bbox 559 946 755 1008; x_wconf 79' lang='lat' dir='ltr'><strong>aestuarium</strong></span> <span class='ocrx_word' id='word_1_51' title='bbox 793 944 1016 1026; x_wconf 77' lang='lat' dir='ltr'><strong>calplaciebat.</strong></span> <span class='ocrx_word' id='word_1_52' title='bbox 1073 944 1149 1008; x_wconf 92' lang='lat' dir='ltr'><strong>ldeo</strong></span> <span class='ocrx_word' id='word_1_53' title='bbox 1190 945 1389 1031; x_wconf 81' lang='lat' dir='ltr'><strong>Madianitae</strong></span> <span class='ocrx_word' id='word_1_54' title='bbox 1421 953 1459 1006; x_wconf 91' lang='lat' dir='ltr'><strong>et</strong></span> 
     </span>
     <span class='ocr_line' id='line_1_8' title="bbox 280 1046 1457 1133; baseline -0.001 -23"><span class='ocrx_word' id='word_1_55' title='bbox 280 1046 409 1110; x_wconf 82' lang='lat' dir='ltr'><strong>Arabes</strong></span> <span class='ocrx_word' id='word_1_56' title='bbox 431 1047 497 1130; x_wconf 81' lang='lat' dir='ltr'><strong>(b)</strong></span> <span class='ocrx_word' id='word_1_57' title='bbox 520 1056 553 1116; x_wconf 85' lang='lat' dir='ltr'><strong>et</strong></span> <span class='ocrx_word' id='word_1_58' title='bbox 573 1047 753 1132; x_wconf 78' lang='lat' dir='ltr'><strong>Aethiopes</strong></span> <span class='ocrx_word' id='word_1_59' title='bbox 774 1050 893 1114; x_wconf 90' lang='lat' dir='ltr'><strong>habent</strong></span> <span class='ocrx_word' id='word_1_60' title='bbox 916 1050 1055 1114; x_wconf 90' lang='lat' dir='ltr'><strong>tentoria</strong></span> <span class='ocrx_word' id='word_1_61' title='bbox 1076 1049 1118 1113; x_wconf 91' lang='lat' dir='ltr'><strong>de</strong></span> <span class='ocrx_word' id='word_1_62' title='bbox 1138 1049 1289 1133; x_wconf 88' lang='lat' dir='ltr'><strong>pellibus,</strong></span> <span class='ocrx_word' id='word_1_63' title='bbox 1310 1067 1353 1112; x_wconf 88' lang='lat' dir='ltr'><strong>ne</strong></span> <span class='ocrx_word' id='word_1_64' title='bbox 1372 1049 1457 1112; x_wconf 90' lang='lat' dir='ltr'><strong>solis</strong></span> 
     </span>
     <span class='ocr_line' id='line_1_9' title="bbox 245 1149 1457 1237; baseline 0.002 -23"><span class='ocrx_word' id='word_1_65' title='bbox 245 1153 257 1172; x_wconf 81' lang='grc'><em>“</em></span> <span class='ocrx_word' id='word_1_66' title='bbox 279 1149 370 1214; x_wconf 83' lang='lat' dir='ltr'><strong>calor</strong></span> <span class='ocrx_word' id='word_1_67' title='bbox 390 1158 550 1235; x_wconf 85' lang='lat' dir='ltr'><strong>penetret,</strong></span> <span class='ocrx_word' id='word_1_68' title='bbox 571 1153 620 1216; x_wconf 90' lang='lat' dir='ltr'><strong>uti</strong></span> <span class='ocrx_word' id='word_1_69' title='bbox 640 1153 798 1218; x_wconf 89' lang='lat' dir='ltr'><strong>Habacnc</strong></span> <span class='ocrx_word' id='word_1_70' title='bbox 820 1156 876 1216; x_wconf 94' lang='lat' dir='ltr'><strong>lll.</strong></span> <span class='ocrx_word' id='word_1_71' title='bbox 900 1152 957 1216; x_wconf 90' lang='lat' dir='ltr'><strong>Sic</strong></span> <span class='ocrx_word' id='word_1_72' title='bbox 979 1172 1058 1237; x_wconf 75' lang='lat' dir='ltr'><strong>ergo</strong></span> <span class='ocrx_word' id='word_1_73' title='bbox 1080 1154 1262 1237; x_wconf 75' lang='lat' dir='ltr'>quievimus</span> <span class='ocrx_word' id='word_1_74' title='bbox 1280 1154 1314 1218; x_wconf 91' lang='lat' dir='ltr'><strong>in</strong></span> <span class='ocrx_word' id='word_1_75' title='bbox 1335 1171 1457 1216; x_wconf 89' lang='lat' dir='ltr'><strong>caver-</strong></span> 
     </span>
     <span class='ocr_line' id='line_1_10' title="bbox 279 1255 1458 1342; baseline -0.001 -24"><span class='ocrx_word' id='word_1_76' title='bbox 279 1255 332 1318; x_wconf 93' lang='lat' dir='ltr'><strong>nis</strong></span> <span class='ocrx_word' id='word_1_77' title='bbox 357 1264 519 1338; x_wconf 87' lang='lat' dir='ltr'><strong>petrarum</strong></span> <span class='ocrx_word' id='word_1_78' title='bbox 553 1275 658 1340; x_wconf 89' lang='lat' dir='ltr'><strong>nsque</strong></span> <span class='ocrx_word' id='word_1_79' title='bbox 688 1257 730 1321; x_wconf 89' lang='lat' dir='ltr'><strong>ad</strong></span> <span class='ocrx_word' id='word_1_80' title='bbox 752 1277 910 1342; x_wconf 88' lang='lat' dir='ltr'><strong>vesperas</strong></span> <span class='ocrx_word' id='word_1_81' title='bbox 938 1267 971 1321; x_wconf 90' lang='lat' dir='ltr'><strong>et</strong></span> <span class='ocrx_word' id='word_1_82' title='bbox 1002 1259 1090 1322; x_wconf 84' lang='lat' dir='ltr'><strong>iacto</strong></span> <span class='ocrx_word' id='word_1_83' title='bbox 1125 1277 1264 1342; x_wconf 87' lang='lat' dir='ltr'><strong>vespere</strong></span> <span class='ocrx_word' id='word_1_84' title='bbox 1291 1264 1458 1320; x_wconf 80' lang='lat' dir='ltr'><strong>sarmenta</strong></span> 
     </span>
     <span class='ocr_line' id='line_1_11' title="bbox 279 1355 1457 1445; baseline -0.002 -21"><span class='ocrx_word' id='word_1_85' title='bbox 279 1359 470 1441; x_wconf 79' lang='lat' dir='ltr'><strong>collegimus</strong></span> <span class='ocrx_word' id='word_1_86' title='bbox 502 1369 534 1422; x_wconf 91' lang='lat' dir='ltr'><strong>et</strong></span> <span class='ocrx_word' id='word_1_87' title='bbox 556 1355 714 1426; x_wconf 61' lang='lat' dir='ltr'><strong>coximus*</strong></span> <span class='ocrx_word' id='word_1_88' title='bbox 732 1363 832 1426; x_wconf 90' lang='lat' dir='ltr'><strong>cibos.</strong></span> <span class='ocrx_word' id='word_1_89' title='bbox 875 1363 955 1426; x_wconf 87' lang='lat' dir='ltr'><strong>Post</strong></span> <span class='ocrx_word' id='word_1_90' title='bbox 984 1381 1119 1427; x_wconf 89' lang='lat' dir='ltr'><strong>coenam</strong></span> <span class='ocrx_word' id='word_1_91' title='bbox 1146 1372 1271 1445; x_wconf 87' lang='lat' dir='ltr'><strong>entem,</strong></span> <span class='ocrx_word' id='word_1_92' title='bbox 1307 1361 1382 1423; x_wconf 73' lang='lat' dir='ltr'><strong>dun</strong></span> <span class='ocrx_word' id='word_1_93' title='bbox 1404 1359 1457 1423; x_wconf 91' lang='lat' dir='ltr'><strong>sol</strong></span> 
     </span>
     <span class='ocr_line' id='line_1_12' title="bbox 278 1463 1452 1551; baseline -0.001 -23"><span class='ocrx_word' id='word_1_94' title='bbox 278 1463 471 1547; x_wconf 88' lang='lat' dir='ltr'><strong>occidisset,</strong></span> <span class='ocrx_word' id='word_1_95' title='bbox 505 1463 643 1529; x_wconf 73' lang='lat' dir='ltr'><strong>libenter</strong></span> <span class='ocrx_word' id='word_1_96' title='bbox 670 1467 703 1529; x_wconf 92' lang='lat' dir='ltr'><strong>in</strong></span> <span class='ocrx_word' id='word_1_97' title='bbox 730 1468 882 1530; x_wconf 87' lang='lat' dir='ltr'><strong>cavernis</strong></span> <span class='ocrx_word' id='word_1_98' title='bbox 913 1476 945 1530; x_wconf 88' lang='lat' dir='ltr'><strong>et</strong></span> <span class='ocrx_word' id='word_1_99' title='bbox 972 1467 1137 1551; x_wconf 84' lang='lat' dir='ltr'><strong>speluncis</strong></span> <span class='ocrx_word' id='word_1_100' title='bbox 1172 1465 1452 1547; x_wconf 85' lang='lat' dir='ltr'><strong>dormivisscmua,</strong></span> 
     </span>
     <span class='ocr_line' id='line_1_13' title="bbox 280 1565 1456 1653; baseline 0.001 -22"><span class='ocrx_word' id='word_1_101' title='bbox 280 1567 341 1632; x_wconf 84' lang='lat' dir='ltr'><strong>sed</strong></span> <span class='ocrx_word' id='word_1_102' title='bbox 375 1565 514 1632; x_wconf 83' lang='lat' dir='ltr'><strong>Calinus</strong></span> <span class='ocrx_word' id='word_1_103' title='bbox 544 1572 654 1652; x_wconf 76' lang='lat' dir='ltr'><strong>coegit</strong></span> <span class='ocrx_word' id='word_1_104' title='bbox 686 1588 746 1633; x_wconf 90' lang='lat' dir='ltr'><strong>nos</strong></span> <span class='ocrx_word' id='word_1_105' title='bbox 781 1570 981 1635; x_wconf 87' lang='lat' dir='ltr'><strong>descendere</strong></span> <span class='ocrx_word' id='word_1_106' title='bbox 1001 1573 1035 1635; x_wconf 91' lang='lat' dir='ltr'><strong>in</strong></span> <span class='ocrx_word' id='word_1_107' title='bbox 1063 1589 1212 1653; x_wconf 89' lang='lat' dir='ltr'><strong>campum</strong></span> <span class='ocrx_word' id='word_1_108' title='bbox 1242 1569 1283 1633; x_wconf 91' lang='lat' dir='ltr'><strong>ad</strong></span> <span class='ocrx_word' id='word_1_109' title='bbox 1315 1572 1456 1632; x_wconf 89' lang='lat' dir='ltr'><strong>tentoria</strong></span> 
     </span>
     <span class='ocr_line' id='line_1_14' title="bbox 278 1673 1453 1764; baseline -0.002 -27"><span class='ocrx_word' id='word_1_110' title='bbox 278 1681 400 1738; x_wconf 88' lang='lat' dir='ltr'><strong>nostra.</strong></span> <span class='ocrx_word' id='word_1_111' title='bbox 446 1673 589 1757; x_wconf 84' lang='lat' dir='ltr'><strong>Campus</strong></span> <span class='ocrx_word' id='word_1_112' title='bbox 620 1674 676 1736; x_wconf 91' lang='lat' dir='ltr'><strong>ille</strong></span> <span class='ocrx_word' id='word_1_113' title='bbox 693 1674 823 1756; x_wconf 85' lang='lat' dir='ltr'><strong>jacebat</strong></span> <span class='ocrx_word' id='word_1_114' title='bbox 854 1676 971 1758; x_wconf 89' lang='lat' dir='ltr'><strong>plenus</strong></span> <span class='ocrx_word' id='word_1_115' title='bbox 993 1675 1216 1759; x_wconf 79' lang='lat' dir='ltr'><strong>pulcherrimis</strong></span> <span class='ocrx_word' id='word_1_116' title='bbox 1238 1673 1374 1764; x_wconf 85' lang='lat' dir='ltr'><strong>lapillis,</strong></span> <span class='ocrx_word' id='word_1_117' title='bbox 1395 1674 1453 1758; x_wconf 84' lang='lat' dir='ltr'><strong>qtri</strong></span> 
     </span>
     <span class='ocr_line' id='line_1_15' title="bbox 278 1778 1456 1864; baseline 0 -24"><span class='ocrx_word' id='word_1_118' title='bbox 278 1787 372 1845; x_wconf 86' lang='lat' dir='ltr'><strong>crant</strong></span> <span class='ocrx_word' id='word_1_119' title='bbox 392 1779 555 1861; x_wconf 87' lang='lat' dir='ltr'><strong>perspicui</strong></span> <span class='ocrx_word' id='word_1_120' title='bbox 576 1789 610 1841; x_wconf 92' lang='lat' dir='ltr'><strong>et</strong></span> <span class='ocrx_word' id='word_1_121' title='bbox 630 1779 727 1862; x_wconf 87' lang='lat' dir='ltr'><strong>clari,</strong></span> <span class='ocrx_word' id='word_1_122' title='bbox 749 1778 948 1844; x_wconf 87' lang='lat' dir='ltr'><strong>diversorum</strong></span> <span class='ocrx_word' id='word_1_123' title='bbox 971 1780 1130 1864; x_wconf 88' lang='lat' dir='ltr'><strong>colorum,</strong></span> <span class='ocrx_word' id='word_1_124' title='bbox 1149 1781 1252 1864; x_wconf 83' lang='lat' dir='ltr'><strong>nigri,</strong></span> <span class='ocrx_word' id='word_1_125' title='bbox 1274 1778 1349 1862; x_wconf 87' lang='lat' dir='ltr'><strong>albi,</strong></span> <span class='ocrx_word' id='word_1_126' title='bbox 1371 1779 1456 1840; x_wconf 87' lang='lat' dir='ltr'><strong>viri·-</strong></span> 
     </span>
     <span class='ocr_line' id='line_1_16' title="bbox 277 1880 1453 1969; baseline 0.006 -26"><span class='ocrx_word' id='word_1_127' title='bbox 277 1880 345 1964; x_wconf 88' lang='lat' dir='ltr'><strong>dis‚</strong></span> <span class='ocrx_word' id='word_1_128' title='bbox 368 1883 474 1964; x_wconf 85' lang='lat' dir='ltr'><strong>rubei,</strong></span> <span class='ocrx_word' id='word_1_129' title='bbox 497 1885 615 1967; x_wconf 80' lang='lat' dir='ltr'><strong>grisei,</strong></span> <span class='ocrx_word' id='word_1_130' title='bbox 639 1885 744 1967; x_wconf 87' lang='lat' dir='ltr'><strong>blavi,</strong></span> <span class='ocrx_word' id='word_1_131' title='bbox 766 1885 895 1968; x_wconf 83' lang='lat' dir='ltr'><strong>glauci3</strong></span> <span class='ocrx_word' id='word_1_132' title='bbox 930 1884 1112 1969; x_wconf 64' lang='lat' dir='ltr'><strong>dequibus</strong></span> <span class='ocrx_word' id='word_1_133' title='bbox 1134 1885 1288 1948; x_wconf 89' lang='lat' dir='ltr'><strong>mirantes</strong></span> <span class='ocrx_word' id='word_1_134' title='bbox 1314 1884 1453 1967; x_wconf 80' lang='lat' dir='ltr'><strong>collegi-</strong></span> 
     </span>
     <span class='ocr_line' id='line_1_17' title="bbox 278 1989 1452 2072; baseline 0.002 -24"><span class='ocrx_word' id='word_1_135' title='bbox 278 2003 363 2050; x_wconf 88' lang='lat' dir='ltr'><strong>mus.</strong></span> <span class='ocrx_word' id='word_1_136' title='bbox 407 1989 594 2052; x_wconf 87' lang='lat' dir='ltr'><strong>lnvenirnus</strong></span> <span class='ocrx_word' id='word_1_137' title='bbox 626 1990 671 2053; x_wconf 90' lang='lat' dir='ltr'><strong>ibi</strong></span> <span class='ocrx_word' id='word_1_138' title='bbox 699 1991 796 2052; x_wconf 88' lang='lat' dir='ltr'><strong>etiam</strong></span> <span class='ocrx_word' id='word_1_139' title='bbox 828 1991 970 2072; x_wconf 82' lang='lat' dir='ltr'><strong>vestigia</strong></span> <span class='ocrx_word' id='word_1_140' title='bbox 998 1989 1231 2069; x_wconf 86' lang='lat' dir='ltr'><strong>struthionum,</strong></span> <span class='ocrx_word' id='word_1_141' title='bbox 1265 2006 1452 2072; x_wconf 80' lang='lat' dir='ltr'><strong>magnarum</strong></span> 
     </span>
     <span class='ocr_line' id='line_1_18' title="bbox 275 2089 1452 2176; baseline 0 -22"><span class='ocrx_word' id='word_1_142' title='bbox 275 2092 403 2174; x_wconf 85' lang='lat' dir='ltr'><strong>avium,</strong></span> <span class='ocrx_word' id='word_1_143' title='bbox 426 2110 509 2175; x_wconf 88' lang='lat' dir='ltr'><strong>quae</strong></span> <span class='ocrx_word' id='word_1_144' title='bbox 529 2113 589 2176; x_wconf 92' lang='lat' dir='ltr'><strong>per</strong></span> <span class='ocrx_word' id='word_1_145' title='bbox 611 2092 775 2157; x_wconf 86' lang='lat' dir='ltr'><strong>desertum</strong></span> <span class='ocrx_word' id='word_1_146' title='bbox 797 2093 974 2158; x_wconf 86' lang='lat' dir='ltr'><strong>ambulant.</strong></span> <span class='ocrx_word' id='word_1_147' title='bbox 1015 2089 1139 2170; x_wconf 80' lang='lat' dir='ltr'><strong>Quales</strong></span> <span class='ocrx_word' id='word_1_148' title='bbox 1160 2095 1227 2157; x_wconf 85' lang='lat' dir='ltr'><strong>sint</strong></span> <span class='ocrx_word' id='word_1_149' title='bbox 1254 2095 1340 2156; x_wconf 84' lang='lat' dir='ltr'><strong>istae</strong></span> <span class='ocrx_word' id='word_1_150' title='bbox 1361 2109 1452 2175; x_wconf 86' lang='lat' dir='ltr'><strong>aves,</strong></span> 
     </span>
     <span class='ocr_line' id='line_1_19' title="bbox 276 2195 1452 2283; baseline -0.001 -23"><span class='ocrx_word' id='word_1_151' title='bbox 276 2195 401 2260; x_wconf 90' lang='lat' dir='ltr'><strong>dicetur</strong></span> <span class='ocrx_word' id='word_1_152' title='bbox 422 2197 476 2261; x_wconf 85' lang='lat' dir='ltr'><strong>iol.</strong></span> <span class='ocrx_word' id='word_1_153' title='bbox 499 2197 554 2266; x_wconf 75' lang='grc'><strong>83.</strong></span> <span class='ocrx_word' id='word_1_154' title='bbox 596 2195 705 2281; x_wconf 86' lang='lat' dir='ltr'><strong>Saepe</strong></span> <span class='ocrx_word' id='word_1_155' title='bbox 725 2199 808 2262; x_wconf 88' lang='lat' dir='ltr'><strong>alias</strong></span> <span class='ocrx_word' id='word_1_156' title='bbox 829 2216 940 2264; x_wconf 87' lang='lat' dir='ltr'><strong>eoruru</strong></span> <span class='ocrx_word' id='word_1_157' title='bbox 962 2199 1104 2283; x_wconf 81' lang='lat' dir='ltr'><strong>vestigia</strong></span> <span class='ocrx_word' id='word_1_158' title='bbox 1124 2199 1158 2261; x_wconf 92' lang='lat' dir='ltr'><strong>in</strong></span> <span class='ocrx_word' id='word_1_159' title='bbox 1181 2197 1309 2262; x_wconf 88' lang='lat' dir='ltr'><strong>deserto</strong></span> <span class='ocrx_word' id='word_1_160' title='bbox 1332 2197 1452 2281; x_wconf 88' lang='lat' dir='ltr'><strong>depre-</strong></span> 
     </span>
     <span class='ocr_line' id='line_1_20' title="bbox 276 2300 839 2366; baseline 0.005 -2"><span class='ocrx_word' id='word_1_161' title='bbox 276 2300 457 2366; x_wconf 79' lang='lat' dir='ltr'><strong>nantinus.</strong></span> <span class='ocrx_word' id='word_1_162' title='bbox 831 2311 839 2326; x_wconf 90' lang='grc'><em>·</em></span> 
     </span>
    </p>
   </div>
   <div class='ocr_carea' id='block_1_4' title="bbox 745 2453 962 2531">
    <p class='ocr_par' dir='ltr' id='par_1_4' title="bbox 745 2453 962 2531">
     <span class='ocr_line' id='line_1_21' title="bbox 745 2453 962 2531; baseline 0.009 -3"><span class='ocrx_word' id='word_1_163' title='bbox 745 2453 962 2531; x_wconf 87' lang='lat' dir='ltr'><strong>Processus.</strong></span> 
     </span>
    </p>
   </div>
   <div class='ocr_carea' id='block_1_5' title="bbox 267 2615 1450 4376">
    <p class='ocr_par' dir='ltr' id='par_1_5' title="bbox 267 2615 1450 4376">
     <span class='ocr_line' id='line_1_22' title="bbox 355 2615 1449 2708; baseline -0.004 -24"><span class='ocrx_word' id='word_1_164' title='bbox 355 2619 525 2684; x_wconf 84' lang='lat' dir='ltr'><strong>Vlcesirna</strong></span> <span class='ocrx_word' id='word_1_165' title='bbox 544 2617 597 2680; x_wconf 88' lang='lat' dir='ltr'><strong>die</strong></span> <span class='ocrx_word' id='word_1_166' title='bbox 624 2616 750 2682; x_wconf 88' lang='lat' dir='ltr'><strong>duabus</strong></span> <span class='ocrx_word' id='word_1_167' title='bbox 770 2623 859 2687; x_wconf 88' lang='lat' dir='ltr'><strong>horis</strong></span> <span class='ocrx_word' id='word_1_168' title='bbox 880 2629 958 2686; x_wconf 87' lang='lat' dir='ltr'><strong>ante</strong></span> <span class='ocrx_word' id='word_1_169' title='bbox 979 2622 1083 2686; x_wconf 87' lang='lat' dir='ltr'><strong>luceru</strong></span> <span class='ocrx_word' id='word_1_170' title='bbox 1120 2639 1149 2685; x_wconf 85' lang='lat' dir='ltr'><strong>a·</strong></span> <span class='ocrx_word' id='word_1_171' title='bbox 1172 2619 1243 2708; x_wconf 81' lang='lat' dir='ltr'><strong>loco</strong></span> <span class='ocrx_word' id='word_1_172' title='bbox 1276 2615 1449 2703; x_wconf 89' lang='lat' dir='ltr'><strong>praedicte</strong></span> 
     </span>
     <span class='ocr_line' id='line_1_23' title="bbox 271 2721 1450 2792; baseline -0.002 -6"><span class='ocrx_word' id='word_1_173' title='bbox 271 2725 473 2787; x_wconf 83' lang='lat' dir='ltr'><strong>surreximus</strong></span> <span class='ocrx_word' id='word_1_174' title='bbox 495 2734 528 2789; x_wconf 89' lang='lat' dir='ltr'><strong>et</strong></span> <span class='ocrx_word' id='word_1_175' title='bbox 548 2722 754 2792; x_wconf 79' lang='lat' dir='ltr'><strong>recessimus.</strong></span> <span class='ocrx_word' id='word_1_176' title='bbox 779 2726 831 2790; x_wconf 84' lang='lat' dir='ltr'><strong>Ad</strong></span> <span class='ocrx_word' id='word_1_177' title='bbox 854 2727 952 2792; x_wconf 84' lang='lat' dir='ltr'><strong>finem</strong></span> <span class='ocrx_word' id='word_1_178' title='bbox 973 2736 1079 2791; x_wconf 88' lang='lat' dir='ltr'><strong>autem</strong></span> <span class='ocrx_word' id='word_1_179' title='bbox 1099 2725 1250 2789; x_wconf 87' lang='lat' dir='ltr'><strong>desertae</strong></span> <span class='ocrx_word' id='word_1_180' title='bbox 1270 2721 1450 2786; x_wconf 87' lang='lat' dir='ltr'><strong>latitudinis</strong></span> 
     </span>
     <span class='ocr_line' id='line_1_24' title="bbox 274 2828 1449 2914; baseline -0.002 -23"><span class='ocrx_word' id='word_1_181' title='bbox 274 2831 446 2892; x_wconf 88' lang='lat' dir='ltr'><strong>venientes</strong></span> <span class='ocrx_word' id='word_1_182' title='bbox 468 2838 619 2894; x_wconf 88' lang='lat' dir='ltr'><strong>montana</strong></span> <span class='ocrx_word' id='word_1_183' title='bbox 642 2831 820 2912; x_wconf 87' lang='lat' dir='ltr'><strong>asperrima</strong></span> <span class='ocrx_word' id='word_1_184' title='bbox 838 2831 982 2914; x_wconf 77' lang='lat' dir='ltr'><strong>ingressi</strong></span> <span class='ocrx_word' id='word_1_185' title='bbox 1002 2849 1116 2894; x_wconf 89' lang='lat' dir='ltr'><strong>snmus</strong></span> <span class='ocrx_word' id='word_1_186' title='bbox 1138 2849 1198 2913; x_wconf 89' lang='lat' dir='ltr'><strong>per</strong></span> <span class='ocrx_word' id='word_1_187' title='bbox 1227 2828 1347 2893; x_wconf 88' lang='lat' dir='ltr'><strong>vallem</strong></span> <span class='ocrx_word' id='word_1_188' title='bbox 1368 2844 1449 2909; x_wconf 84' lang='lat' dir='ltr'><strong>spa·</strong></span> 
     </span>
     <span class='ocr_line' id='line_1_25' title="bbox 274 2932 1447 3015; baseline -0.001 -20"><span class='ocrx_word' id='word_1_189' title='bbox 274 2933 390 2996; x_wconf 90' lang='lat' dir='ltr'><strong>tiosam</strong></span> <span class='ocrx_word' id='word_1_190' title='bbox 412 2942 445 2996; x_wconf 90' lang='lat' dir='ltr'><strong>et</strong></span> <span class='ocrx_word' id='word_1_191' title='bbox 466 2936 661 3015; x_wconf 85' lang='lat' dir='ltr'><strong>speciosam.</strong></span> <span class='ocrx_word' id='word_1_192' title='bbox 703 2935 827 2999; x_wconf 86' lang='lat' dir='ltr'><strong>Habuit</strong></span> <span class='ocrx_word' id='word_1_193' title='bbox 848 2936 932 3000; x_wconf 92' lang='lat' dir='ltr'><strong>enim</strong></span> <span class='ocrx_word' id='word_1_194' title='bbox 953 2934 1052 2999; x_wconf 88' lang='lat' dir='ltr'><strong>vallis</strong></span> <span class='ocrx_word' id='word_1_195' title='bbox 1072 2936 1137 2997; x_wconf 85' lang='lat' dir='ltr'><strong>ista</strong></span> <span class='ocrx_word' id='word_1_196' title='bbox 1161 2935 1292 2998; x_wconf 89' lang='lat' dir='ltr'><strong>humum</strong></span> <span class='ocrx_word' id='word_1_197' title='bbox 1315 2932 1447 2995; x_wconf 90' lang='lat' dir='ltr'><strong>llcribns</strong></span> 
     </span>
     <span class='ocr_line' id='line_1_26' title="bbox 273 3039 1448 3124; baseline -0.002 -24"><span class='ocrx_word' id='word_1_198' title='bbox 273 3047 307 3100; x_wconf 90' lang='lat' dir='ltr'><strong>et</strong></span> <span class='ocrx_word' id='word_1_199' title='bbox 326 3039 525 3121; x_wconf 76' lang='lat' dir='ltr'><strong>graminibus</strong></span> <span class='ocrx_word' id='word_1_200' title='bbox 546 3050 709 3124; x_wconf 88' lang='lat' dir='ltr'><strong>opertum,</strong></span> <span class='ocrx_word' id='word_1_201' title='bbox 745 3042 779 3103; x_wconf 91' lang='lat' dir='ltr'><strong>in</strong></span> <span class='ocrx_word' id='word_1_202' title='bbox 801 3060 865 3123; x_wconf 90' lang='lat' dir='ltr'><strong>quo</strong></span> <span class='ocrx_word' id='word_1_203' title='bbox 898 3042 995 3104; x_wconf 86' lang='lat' dir='ltr'><strong>etiam</strong></span> <span class='ocrx_word' id='word_1_204' title='bbox 1017 3040 1148 3103; x_wconf 85' lang='lat' dir='ltr'><strong>arbores</strong></span> <span class='ocrx_word' id='word_1_205' title='bbox 1180 3057 1333 3121; x_wconf 87' lang='lat' dir='ltr'><strong>procerae</strong></span> <span class='ocrx_word' id='word_1_206' title='bbox 1357 3045 1448 3100; x_wconf 86' lang='lat' dir='ltr'><strong>eraut</strong></span> 
     </span>
     <span class='ocr_line' id='line_1_27' title="bbox 272 3137 1447 3227; baseline 0.001 -25"><span class='ocrx_word' id='word_1_207' title='bbox 272 3137 449 3223; x_wconf 88' lang='lat' dir='ltr'><strong>spinarum,</strong></span> <span class='ocrx_word' id='word_1_208' title='bbox 471 3162 556 3225; x_wconf 88' lang='lat' dir='ltr'><strong>quae</strong></span> <span class='ocrx_word' id='word_1_209' title='bbox 577 3151 721 3227; x_wconf 89' lang='lat' dir='ltr'><strong>ternpore</strong></span> <span class='ocrx_word' id='word_1_210' title='bbox 742 3143 799 3207; x_wconf 92' lang='lat' dir='ltr'><strong>illo</strong></span> <span class='ocrx_word' id='word_1_211' title='bbox 820 3145 977 3208; x_wconf 86' lang='lat' dir='ltr'><strong>florebant</strong></span> <span class='ocrx_word' id='word_1_212' title='bbox 998 3155 1031 3207; x_wconf 87' lang='lat' dir='ltr'><strong>et</strong></span> <span class='ocrx_word' id='word_1_213' title='bbox 1052 3143 1170 3207; x_wconf 90' lang='lat' dir='ltr'><strong>vallem</strong></span> <span class='ocrx_word' id='word_1_214' title='bbox 1193 3153 1292 3207; x_wconf 89' lang='lat' dir='ltr'><strong>totam</strong></span> <span class='ocrx_word' id='word_1_215' title='bbox 1313 3141 1447 3204; x_wconf 90' lang='lat' dir='ltr'><strong>suavia·</strong></span> 
     </span>
     <span class='ocr_line' id='line_1_28' title="bbox 272 3243 1443 3332; baseline 0.003 -28"><span class='ocrx_word' id='word_1_216' title='bbox 272 3245 357 3305; x_wconf 87' lang='lat' dir='ltr'><strong>simo</strong></span> <span class='ocrx_word' id='word_1_217' title='bbox 378 3243 476 3308; x_wconf 88' lang='lat' dir='ltr'><strong>odore</strong></span> <span class='ocrx_word' id='word_1_218' title='bbox 498 3247 673 3330; x_wconf 86' lang='lat' dir='ltr'><strong>replebant.</strong></span> <span class='ocrx_word' id='word_1_219' title='bbox 717 3245 793 3310; x_wconf 89' lang='lat' dir='ltr'><strong>Non</strong></span> <span class='ocrx_word' id='word_1_220' title='bbox 815 3247 946 3311; x_wconf 87' lang='lat' dir='ltr'><strong>videtur</strong></span> <span class='ocrx_word' id='word_1_221' title='bbox 967 3250 1042 3312; x_wconf 89' lang='lat' dir='ltr'><strong>mibi</strong></span> <span class='ocrx_word' id='word_1_222' title='bbox 1054 3292 1064 3330; x_wconf 90' lang='lat'><strong><em>,</em></strong></span> <span class='ocrx_word' id='word_1_223' title='bbox 1096 3247 1181 3332; x_wconf 88' lang='lat' dir='ltr'><strong>qnod</strong></span> <span class='ocrx_word' id='word_1_224' title='bbox 1203 3247 1245 3311; x_wconf 90' lang='lat' dir='ltr'><strong>de</strong></span> <span class='ocrx_word' id='word_1_225' title='bbox 1266 3247 1332 3310; x_wconf 88' lang='lat' dir='ltr'><strong>ullo</strong></span> <span class='ocrx_word' id='word_1_226' title='bbox 1365 3245 1443 3308; x_wconf 83' lang='lat' dir='ltr'><strong>flore</strong></span> 
     </span>
     <span class='ocr_line' id='line_1_29' title="bbox 271 3349 1446 3435; baseline 0.004 -26"><span class='ocrx_word' id='word_1_227' title='bbox 271 3349 456 3411; x_wconf 89' lang='lat' dir='ltr'><strong>suaviorem</strong></span> <span class='ocrx_word' id='word_1_228' title='bbox 475 3349 605 3413; x_wconf 85' lang='lat' dir='ltr'><strong>odorem</strong></span> <span class='ocrx_word' id='word_1_229' title='bbox 636 3352 761 3434; x_wconf 86' lang='lat' dir='ltr'><strong>spirare</strong></span> <span class='ocrx_word' id='word_1_230' title='bbox 780 3353 958 3435; x_wconf 73' lang='lat' dir='ltr'><strong>seruerim,</strong></span> <span class='ocrx_word' id='word_1_231' title='bbox 991 3371 1086 3434; x_wconf 87' lang='lat' dir='ltr'><strong>qnam</strong></span> <span class='ocrx_word' id='word_1_232' title='bbox 1116 3351 1158 3414; x_wconf 89' lang='lat' dir='ltr'><strong>de</strong></span> <span class='ocrx_word' id='word_1_233' title='bbox 1178 3352 1310 3416; x_wconf 85' lang='lat' dir='ltr'><strong>floribus</strong></span> <span class='ocrx_word' id='word_1_234' title='bbox 1332 3351 1446 3432; x_wconf 85' lang='lat' dir='ltr'><strong>spina·</strong></span> 
     </span>
     <span class='ocr_line' id='line_1_30' title="bbox 271 3452 1443 3538; baseline 0.001 -24"><span class='ocrx_word' id='word_1_235' title='bbox 271 3469 359 3532; x_wconf 83' lang='lat' dir='ltr'><strong>rnm3</strong></span> <span class='ocrx_word' id='word_1_236' title='bbox 382 3471 447 3515; x_wconf 91' lang='lat' dir='ltr'><strong>non</strong></span> <span class='ocrx_word' id='word_1_237' title='bbox 468 3453 554 3514; x_wconf 90' lang='lat' dir='ltr'><strong>enim</strong></span> <span class='ocrx_word' id='word_1_238' title='bbox 574 3452 672 3516; x_wconf 90' lang='lat' dir='ltr'><strong>alium</strong></span> <span class='ocrx_word' id='word_1_239' title='bbox 694 3455 833 3516; x_wconf 80' lang='lat' dir='ltr'><strong>fructum</strong></span> <span class='ocrx_word' id='word_1_240' title='bbox 855 3455 962 3518; x_wconf 86' lang='lat' dir='ltr'><strong>lerunt</strong></span> <span class='ocrx_word' id='word_1_241' title='bbox 983 3457 1116 3520; x_wconf 85' lang='lat' dir='ltr'><strong>arbores</strong></span> <span class='ocrx_word' id='word_1_242' title='bbox 1133 3456 1217 3538; x_wconf 89' lang='lat' dir='ltr'><strong>illae,</strong></span> <span class='ocrx_word' id='word_1_243' title='bbox 1235 3457 1298 3522; x_wconf 89' lang='lat' dir='ltr'><strong>nisi</strong></span> <span class='ocrx_word' id='word_1_244' title='bbox 1319 3457 1443 3538; x_wconf 89' lang='lat' dir='ltr'><strong>spinas.</strong></span> 
     </span>
     <span class='ocr_line' id='line_1_31' title="bbox 268 3555 1446 3646; baseline 0.002 -27"><span class='ocrx_word' id='word_1_245' title='bbox 268 3556 321 3619; x_wconf 83' lang='lat' dir='ltr'><strong>De</strong></span> <span class='ocrx_word' id='word_1_246' title='bbox 342 3557 395 3619; x_wconf 84' lang='lat' dir='ltr'><strong>his</strong></span> <span class='ocrx_word' id='word_1_247' title='bbox 414 3556 580 3619; x_wconf 87' lang='lat' dir='ltr'><strong>arboribus</strong></span> <span class='ocrx_word' id='word_1_248' title='bbox 602 3555 656 3620; x_wconf 84' lang='lat' dir='ltr'><strong>dix</strong></span> <span class='ocrx_word' id='word_1_249' title='bbox 669 3558 780 3642; x_wconf 87' lang='lat' dir='ltr'><strong>isupra</strong></span> <span class='ocrx_word' id='word_1_250' title='bbox 810 3558 865 3625; x_wconf 84' lang='lat' dir='ltr'><strong>iol.</strong></span> <span class='ocrx_word' id='word_1_251' title='bbox 885 3561 939 3624; x_wconf 63' lang='lat'><strong>28.</strong></span> <span class='ocrx_word' id='word_1_252' title='bbox 961 3560 1029 3646; x_wconf 74' lang='lat' dir='ltr'><strong>la,</strong></span> <span class='ocrx_word' id='word_1_253' title='bbox 1056 3561 1112 3624; x_wconf 92' lang='lat' dir='ltr'><strong>ubi</strong></span> <span class='ocrx_word' id='word_1_254' title='bbox 1134 3561 1201 3624; x_wconf 83' lang='lat' dir='ltr'><strong>dixi</strong></span> <span class='ocrx_word' id='word_1_255' title='bbox 1222 3561 1263 3625; x_wconf 93' lang='lat' dir='ltr'><strong>de</strong></span> <span class='ocrx_word' id='word_1_256' title='bbox 1283 3559 1446 3644; x_wconf 89' lang='lat' dir='ltr'><strong>supersti-</strong></span> 
     </span>
     <span class='ocr_line' id='line_1_32' title="bbox 270 3659 1444 3748; baseline 0.003 -25"><span class='ocrx_word' id='word_1_257' title='bbox 270 3661 413 3724; x_wconf 91' lang='lat' dir='ltr'><strong>tionibus</strong></span> <span class='ocrx_word' id='word_1_258' title='bbox 433 3659 697 3744; x_wconf 85' lang='lat' dir='ltr'><strong>Sarracenorum,</strong></span> <span class='ocrx_word' id='word_1_259' title='bbox 719 3681 802 3748; x_wconf 88' lang='lat' dir='ltr'><strong>quas</strong></span> <span class='ocrx_word' id='word_1_260' title='bbox 827 3674 982 3728; x_wconf 81' lang='lat' dir='ltr'><strong>exercent</strong></span> <span class='ocrx_word' id='word_1_261' title='bbox 998 3665 1093 3748; x_wconf 82' lang='lat' dir='ltr'><strong>juxta</strong></span> <span class='ocrx_word' id='word_1_262' title='bbox 1113 3668 1175 3730; x_wconf 89' lang='lat' dir='ltr'><strong>baa</strong></span> <span class='ocrx_word' id='word_1_263' title='bbox 1196 3667 1345 3729; x_wconf 84' lang='lat' dir='ltr'><strong>arbores:</strong></span> <span class='ocrx_word' id='word_1_264' title='bbox 1369 3663 1444 3728; x_wconf 89' lang='lat' dir='ltr'><strong>imi-</strong></span> 
     </span>
     <span class='ocr_line' id='line_1_33' title="bbox 270 3766 1444 3853; baseline 0.005 -29"><span class='ocrx_word' id='word_1_265' title='bbox 270 3770 379 3826; x_wconf 88' lang='lat' dir='ltr'><strong>tantur</strong></span> <span class='ocrx_word' id='word_1_266' title='bbox 406 3767 490 3829; x_wconf 86' lang='lat' dir='ltr'><strong>enim</strong></span> <span class='ocrx_word' id='word_1_267' title='bbox 524 3766 559 3828; x_wconf 94' lang='lat' dir='ltr'><strong>in</strong></span> <span class='ocrx_word' id='word_1_268' title='bbox 594 3767 707 3831; x_wconf 88' lang='lat' dir='ltr'><strong>multis</strong></span> <span class='ocrx_word' id='word_1_269' title='bbox 741 3769 942 3852; x_wconf 86' lang='lat' dir='ltr'><strong>antiquorum</strong></span> <span class='ocrx_word' id='word_1_270' title='bbox 975 3788 1173 3853; x_wconf 78' lang='lat' dir='ltr'><strong>paganorum</strong></span> <span class='ocrx_word' id='word_1_271' title='bbox 1214 3787 1357 3850; x_wconf 88' lang='lat' dir='ltr'><strong>errores,</strong></span> <span class='ocrx_word' id='word_1_272' title='bbox 1389 3767 1444 3850; x_wconf 83' lang='lat' dir='ltr'><strong>qui</strong></span> 
     </span>
     <span class='ocr_line' id='line_1_34' title="bbox 270 3865 1445 3958; baseline 0.006 -29"><span class='ocrx_word' id='word_1_273' title='bbox 270 3865 403 3931; x_wconf 87' lang='lat' dir='ltr'><strong>arbores</strong></span> <span class='ocrx_word' id='word_1_274' title='bbox 419 3869 607 3954; x_wconf 59' lang='lat' dir='ltr'><strong>‘florigeras</strong></span> <span class='ocrx_word' id='word_1_275' title='bbox 640 3882 675 3936; x_wconf 92' lang='lat' dir='ltr'><strong>et</strong></span> <span class='ocrx_word' id='word_1_276' title='bbox 710 3872 792 3936; x_wconf 86' lang='lat' dir='ltr'><strong>alias</strong></span> <span class='ocrx_word' id='word_1_277' title='bbox 825 3873 1004 3955; x_wconf 83' lang='lat' dir='ltr'><strong>plantarum</strong></span> <span class='ocrx_word' id='word_1_278' title='bbox 1047 3875 1176 3958; x_wconf 87' lang='lat' dir='ltr'><strong>species</strong></span> <span class='ocrx_word' id='word_1_279' title='bbox 1214 3872 1445 3937; x_wconf 73' lang='lat' dir='ltr'><strong>suaveolentes</strong></span> 
     </span>
     <span class='ocr_line' id='line_1_35' title="bbox 270 3969 1445 4061; baseline 0.005 -28"><span class='ocrx_word' id='word_1_280' title='bbox 270 3969 465 4035; x_wconf 86' lang='lat' dir='ltr'><strong>dedicabant</strong></span> <span class='ocrx_word' id='word_1_281' title='bbox 475 3975 757 4060; x_wconf 85' lang='lat' dir='ltr'><strong>Hamadryadibus</strong></span> <span class='ocrx_word' id='word_1_282' title='bbox 779 3986 812 4039; x_wconf 90' lang='lat' dir='ltr'><strong>et</strong></span> <span class='ocrx_word' id='word_1_283' title='bbox 833 3976 1030 4061; x_wconf 88' lang='lat' dir='ltr'><strong>Dryadibus,</strong></span> <span class='ocrx_word' id='word_1_284' title='bbox 1052 3978 1116 4042; x_wconf 90' lang='lat' dir='ltr'><strong>diis</strong></span> <span class='ocrx_word' id='word_1_285' title='bbox 1134 3979 1308 4061; x_wconf 88' lang='lat' dir='ltr'><strong>hortorum,</strong></span> <span class='ocrx_word' id='word_1_286' title='bbox 1331 3978 1445 4040; x_wconf 86' lang='lat' dir='ltr'><strong>florum</strong></span> 
     </span>
     <span class='ocr_line' id='line_1_36' title="bbox 268 4078 1444 4149; baseline 0.007 -11"><span class='ocrx_word' id='word_1_287' title='bbox 268 4083 303 4138; x_wconf 89' lang='lat' dir='ltr'><strong>et</strong></span> <span class='ocrx_word' id='word_1_288' title='bbox 323 4078 481 4140; x_wconf 86' lang='lat' dir='ltr'><strong>arborum.</strong></span> <span class='ocrx_word' id='word_1_289' title='bbox 523 4079 581 4146; x_wconf 87' lang='lat' dir='ltr'><strong>Sic</strong></span> <span class='ocrx_word' id='word_1_290' title='bbox 603 4091 635 4144; x_wconf 93' lang='lat' dir='ltr'><strong>et</strong></span> <span class='ocrx_word' id='word_1_291' title='bbox 663 4083 748 4146; x_wconf 85' lang='lat' dir='ltr'><strong>hanc</strong></span> <span class='ocrx_word' id='word_1_292' title='bbox 769 4082 886 4145; x_wconf 89' lang='lat' dir='ltr'><strong>vallem</strong></span> <span class='ocrx_word' id='word_1_293' title='bbox 909 4101 981 4144; x_wconf 90' lang='lat' dir='ltr'><strong>cum</strong></span> <span class='ocrx_word' id='word_1_294' title='bbox 1003 4085 1076 4148; x_wconf 88' lang='lat' dir='ltr'><strong>suis</strong></span> <span class='ocrx_word' id='word_1_295' title='bbox 1104 4084 1271 4149; x_wconf 88' lang='lat' dir='ltr'><strong>arboribus</strong></span> <span class='ocrx_word' id='word_1_296' title='bbox 1297 4091 1331 4146; x_wconf 83' lang='lat' dir='ltr'><strong>et</strong></span> <span class='ocrx_word' id='word_1_297' title='bbox 1353 4081 1444 4146; x_wconf 86' lang='lat' dir='ltr'><strong>flori·</strong></span> 
     </span>
     <span class='ocr_line' id='line_1_37' title="bbox 268 4177 1445 4268; baseline 0.005 -26"><span class='ocrx_word' id='word_1_298' title='bbox 268 4178 331 4243; x_wconf 81' lang='lat' dir='ltr'><strong>bus</strong></span> <span class='ocrx_word' id='word_1_299' title='bbox 352 4177 508 4264; x_wconf 82' lang='lat' dir='ltr'><strong>praelatis</strong></span> <span class='ocrx_word' id='word_1_300' title='bbox 536 4183 598 4247; x_wconf 90' lang='lat' dir='ltr'><strong>diis</strong></span> <span class='ocrx_word' id='word_1_301' title='bbox 619 4183 782 4247; x_wconf 88' lang='lat' dir='ltr'><strong>credimus</strong></span> <span class='ocrx_word' id='word_1_302' title='bbox 813 4186 1022 4268; x_wconf 79' lang='lat' dir='ltr'><strong>singulariter</strong></span> <span class='ocrx_word' id='word_1_303' title='bbox 1054 4189 1158 4252; x_wconf 83' lang='lat' dir='ltr'><strong>luisse</strong></span> <span class='ocrx_word' id='word_1_304' title='bbox 1189 4187 1371 4252; x_wconf 82' lang='lat' dir='ltr'><strong>dedicatam</strong></span> <span class='ocrx_word' id='word_1_305' title='bbox 1401 4204 1445 4249; x_wconf 86' lang='lat' dir='ltr'><strong>cx</strong></span> 
     </span>
     <span class='ocr_line' id='line_1_38' title="bbox 267 4285 1444 4376; baseline 0.005 -29"><span class='ocrx_word' id='word_1_306' title='bbox 267 4298 325 4368; x_wconf 79' lang='lat' dir='ltr'><strong>ao,</strong></span> <span class='ocrx_word' id='word_1_307' title='bbox 354 4285 429 4368; x_wconf 87' lang='lat' dir='ltr'><strong>quia</strong></span> <span class='ocrx_word' id='word_1_308' title='bbox 458 4305 575 4352; x_wconf 88' lang='lat' dir='ltr'><strong>uomeu</strong></span> <span class='ocrx_word' id='word_1_309' title='bbox 605 4286 702 4350; x_wconf 85' lang='lat' dir='ltr'><strong>vallis</strong></span> <span class='ocrx_word' id='word_1_310' title='bbox 724 4289 778 4352; x_wconf 87' lang='lat' dir='ltr'><strong>lris</strong></span> <span class='ocrx_word' id='word_1_311' title='bbox 811 4307 992 4355; x_wconf 85' lang='lat' dir='ltr'><strong>consonare</strong></span> <span class='ocrx_word' id='word_1_312' title='bbox 1015 4291 1164 4376; x_wconf 90' lang='lat' dir='ltr'><strong>videtur,</strong></span> <span class='ocrx_word' id='word_1_313' title='bbox 1197 4311 1293 4376; x_wconf 85' lang='lat' dir='ltr'><strong>qnam</strong></span> <span class='ocrx_word' id='word_1_314' title='bbox 1324 4298 1444 4354; x_wconf 90' lang='lat' dir='ltr'><strong>vocant</strong></span> 
     </span>
    </p>
   </div>
   <div class='ocr_carea' id='block_1_6' title="bbox 0 0 1610 5206">
    <p class='ocr_par' dir='ltr' id='par_1_6' title="bbox 0 0 1610 5206">
     <span class='ocr_line' id='line_1_39' title="bbox 0 0 1610 5206; baseline 0 5"><span class='ocrx_word' id='word_1_315' title='bbox 0 0 1610 5206; x_wconf 95' lang='lat' dir='ltr'><strong> </strong></span> 
     </span>
    </p>
   </div>
  </div>
 </body>
</html>
