3240 5222
861 258 927 326 ΜΘ

308 450 423 526 sancta
444 438 591 504 visitavit
619 445 653 501 et
675 437 818 522 aliquam
850 459 971 505 moram
992 443 1037 504 ut
1059 441 1167 516 traxit.
1199 439 1349 505 Audiens
1369 448 1480 506 autern

308 549 342 612 in
364 563 546 629 regnosco
568 541 761 610 discordiam
782 547 995 630 concitatam,
1018 545 1206 621 ¹destinavit
1237 556 1381 612 oratores
1401 565 1481 612 suos

308 654 343 716 in
368 660 477 733 partes
500 648 683 713 occidentis
704 650 746 714 ad
768 651 891 734 Papam
911 652 1114 714 Bouilacium
1137 651 1217 714 Vlll
1239 660 1271 714 et
1299 651 1339 714 ad
1368 670 1479 736 regern

308 757 527 822 romanorum
546 755 781 838 liudolplrum·
811 763 846 818 et
884 754 926 818 ad
957 756 1039 818 alios
1069 773 1166 838 reges
1208 754 1402 838 occidentis,
1445 765 1482 818 ut

309 851 472 926 mitterent
488 863 599 945 copias
613 842 816 924 christicolas
837 863 870 924 lu
888 845 1019 943 Syriam
1039 861 1080 923 ad
1101 861 1323 943 recipiendum
1343 868 1378 922 et
1399 861 1480 923 reti-

263 999 268 1008 ·
310 969 451 1031 nendum
478 968 648 1050 civitates,
677 965 855 1050 dequibus
877 965 973 1049 paulo
1003 977 1079 1028 ante
1100 965 1186 1048 pulsi
1217 966 1362 1048 luerent,
1384 964 1481 1028 etad

310 1072 540 1157 possidendum
560 1071 757 1134 Jerusalem*
778 1071 943 1133 civitatem
965 1078 1122 1134 sanctam.
1166 1067 1261 1148 Quae
1281 1088 1354 1133 curn
1376 1089 1481 1152 espo-

309 1180 454 1258 suisscut
483 1176 620 1262 praelati
642 1182 787 1241 oratores
826 1184 860 1237 et
879 1171 1029 1271 omnibus
1065 1175 1260 1258 placuisset,
1289 1177 1481 1238 remiserunt

310 1292 455 1347 oratores
477 1282 570 1364 quasi
591 1281 681 1344 illico
703 1298 776 1366 cum
800 1282 996 1343 exercitibus
1016 1282 1175 1364 secuturi,
1197 1281 1257 1344 sed
1283 1282 1362 1346 nibil
1380 1298 1482 1344 exse·

311 1390 432 1453 cutioni
453 1385 641 1450 mandatum
663 1393 733 1468 est,
754 1386 831 1468 quia
848 1385 1006 1448 intestina
1034 1384 1279 1449 occidentalium
1300 1387 1481 1470 principum

310 1493 397 1556 bella
418 1483 594 1574 magiseis
614 1499 706 1554 erant
727 1489 834 1571 cordi,
859 1507 954 1572 qoam
978 1489 1095 1551 bellum
1117 1491 1264 1573 Domini,
1297 1499 1331 1553 et
1351 1492 1481 1574 propria

310 1596 531 1678 commodam
543 1604 629 1678 part.
639 1597 680 1657 ll.
693 1594 748 1657 fol
761 1593 869 1658 3473.
883 1594 1018 1662 dicetur.
1039 1594 1082 1656 llt
1092 1596 1148 1657 ubi
1166 1603 1243 1658 tuuc
1260 1613 1332 1657 cum
1345 1594 1480 1658 modieis

311 1703 468 1786 expensis
491 1709 527 1763 et
557 1700 630 1761 sine
661 1701 790 1782 maguis
811 1700 913 1781 copiis
935 1707 1063 1781 captam
1084 1698 1214 1781 Syriam
1236 1707 1269 1762 et
1297 1699 1479 1762 Jerusalem

311 1827 333 1871 a
354 1806 485 1885 Cosano
517 1805 657 1868 retinere
686 1805 885 1887 potuissent,
921 1804 1011 1866 nulla
1031 1805 1245 1886 promissione
1259 1839 1260 1844 κ
1275 1805 1362 1867 facta
1381 1822 1481 1886 super

252 2001 255 2008 Ι
309 1905 373 1976 hoc
392 1929 467 1998 cum
488 1911 713 1973 erubescentia
735 1907 876 1972 fidelium
898 1916 932 1971 et
954 1929 1018 1994 nou
1039 1910 1105 1972 levi
1127 1911 1261 1973 crimine
1281 1911 1426 1974 incuriae
1438 1901 1481 1971 ”et
1521 1901 1526 1908 '
1590 1902 1593 1908 ’

48 2013 51 2020 ’
141 2056 146 2064 -
212 2055 242 2066 ·-
268 2051 273 2062 ·
298 2015 494 2104 omissionis
512 2013 717 2102 postmodum
732 2016 1006 2096 amissa·cst,nec
1021 2013 1519 2097 adhueposteamecuperata,

304 2107 372 2185 uec
392 2120 490 2184 hodic
509 2130 561 2184 est
582 2121 638 2187 vr'a
659 2119 887 2202 recuperandi.¹
922 2120 1008 2182 Nam
1041 2120 1212 2183 recedente
1241 2118 1372 2182 Casano
1404 2136 1479 2182 cum

193 2254 195 2262 ·
248 2279 252 2287 .
310 2229 381 2290 suis
402 2244 445 2299 ea
464 2225 562 2308 Syria
593 2224 635 2288 de
656 2225 745 2288 sacili
774 2223 947 2287 Sarraceni
975 2223 1062 2286 nullo
1091 2224 1154 2286 sibi
1176 2225 1347 2287 resistente
1374 2232 1474 2288 totam

307 2331 440 2415 ‘Syriam
471 2332 506 2394 in
533 2317 727 2394 deditionem
759 2325 949 2410 receperunt
994 2337 1027 2390 et
1058 2327 1272 2395 Christianos·
1293 2327 1475 2410 orientales,

228 2450 257 2516 ¹,
312 2435 396 2520 quos
417 2435 565 2526 Cesauus
586 2427 644 2515 pe'r
664 2431 816 2524 civitates
837 2433 1021 2516 locaverat,
1045 2433 1231 2496 oeciderunt
1252 2443 1285 2495 et
1305 2433 1480 2514 ejecerunt,

312 2531 417 2603 sicut*
430 2525 522 2621 prius
554 2531 703 2600 fecerant
716 2517 910 2600 Christianis
941 2539 1064 2624 latinis⁴
1081 2525 1344 2615 occidentalibus.
1386 2529 1482 2626 ¹Unde

311 2631 402 2708 anne
417 2643 548 2706 Domini
577 2642 669 2726 1291.
694 2660 768 2706 eum
795 2639 959 2705 Saldauus
989 2642 1055 2724 jam
1088 2645 1232 2725 cepisset
1262 2631 1479 2725 Antiochiam,

303 2733 449 2842 ¹syram,
471 2747 626 2830 stupeum
654 2756 688 2810 et
717 2747 813 2825 artas,
830 2748 980 2809 uvares
1009 2731 1264 2812 crastinorum
1298 2749 1480 2828 latinorum,

310 2854 473 2918 convertit
489 2871 529 2916 se
550 2851 591 2915 ad
608 2847 736 2914 liualam
754 2852 1049 2924 exterminatiouem
1059 2851 1315 2916 Cluistiauorum
1334 2841 1378 2916 de'
1395 2861 1481 2913 terra

311 2964 451 3050 sancta.¹
469 2956 638 3041 Siquidem
660 2959 694 3020 iu
710 2966 786 3032 'tota
802 2957 900 3042 Syria
920 2969 985 3020 neu
1005 2943 1167 3019 habebant
1190 2956 1366 3019 Christiani
1388 2955 1482 3018 latini

286 3072 288 3076 ’
314 3064 380 3126 nisi
401 3063 624 3127 adhuc'uuam
647 3063 830 3144 civitatem,
853 3043 1103 3138 Ptolemaidem,
1133 3078 1219 3144 quae
1238 3062 1332 3125 aliter
1363 3061 1495 3124 Aenon.

193 3218 198 3227 .
228 3235 249 3250 A·
312 3149 371 3228 vel
399 3166 509 3230 Acron
532 3162 658 3228 dieitur.
680 3188 682 3195 ·
702 3167 782 3228 Erat
802 3147 919 3227 autern.
940 3166 1059 3228 civitas
1080 3169 1147 3229 ista
1181 3166 1426 3248 opulentissima
1447 3173 1481 3226 et

313 3259 580 3354 populosissima,
609 3253 654 3333 ibi
677 3272 774 3338 etiam
807 3267 969 3336 residebat
1001 3284 1073 3332 rex·
1091 3271 1272 3334 Jerusalem
1295 3283 1368 3332 cum
1391 3271 1482 3352 auria

314 3392 377 3438 sua
404 3383 438 3438 et
459 3376 614 3462 magister
646 3365 756 3455 templi
785 3381 826 3434 et·
839 3373 925 3454 prior
957 3374 1142 3457 hospitalis,
1174 3383 1207 3437 et
1241 3375 1389 3438 domiuus
1419 3392 1481 3457 pa·

315 3478 454 3542 triarclmt
475 3495 547 3540 cum
571 3477 668 3560 clero,
690 3486 723 3539 et
744 3468 867 3558 omues,
880 3477 936 3558 qui
957 3477 1105 3560 fugerant
1127 3499 1148 3542 a
1169 3479 1481 3560 civitatibuseaptis

313 3603 374 3666 per
393 3582 580 3663 Soldauum,
602 3584 636 3644 lu
656 3600 728 3645 earn
754 3600 828 3644 cnm
850 3584 998 3645 omuibus
1020 3587 1089 3647 suis
1112 3587 1205 3652 bonis
1225 3602 1264 3647 se
1282 3589 1481 3665 receperant,
1589 3593 1591 3602 ’

254 3713 257 3722 ⁴
315 3697 351 3750 st
380 3677 582 3772 stipendiarii
618 3688 706 3769 regis
734 3687 875 3782 angliae
901 3697 935 3750 et
969 3691 1058 3770 regis
1090 3690 1246 3753 Frauciae
1286 3698 1319 3750 ct
1347 3686 1480 3749 aliorum

313 3810 426 3876 regum
461 3803 493 3856 et
530 3794 728 3876 principum,
768 3801 801 3854 et
831 3793 919 3856 cirea
956 3793 1067 3856 liVlll
1102 3793 1202 3856 millia
1240 3792 1481 3876 peregrinorum

313 3898 629 3980 crucesignatorum
652 3897 693 3960 de
715 3896 855 3960 diversis
875 3897 1059 3960 nationibus
1081 3907 1114 3960 et
1134 3898 1253 3980 reguis.
1276 3895 1482 3980 Undafleraut

165 4061 170 4072 ,
258 4059 275 4071 Α,
295 4003 413 4069 ..xvn
443 4001 567 4085 judicia
587 4019 685 4084 super
716 4002 908 4084 sauguinem
930 4001 973 4063 ibi
995 4012 1124 4084 propter
1152 4001 1304 4066 distincta
1330 3998 1481 4078 dominia,

218 4101 222 4112 '
315 4106 444 4171 atinde
465 4108 627 4170 oriebatur
658 4123 757 4190 saepe
786 4106 934 4196 conlusio
955 4107 988 4168 in
1020 4106 1180 4170 dictandis
1208 4105 1389 4170 sententiis.
1419 4102 1481 4166 lbi

315 4213 431 4277 iratres
442 4210 701 4275 Praedicaterum
723 4217 758 4302 et
773 4212 919 4274 bliuores
940 4212 1102 4274 habebant
1125 4221 1307 4275 conventus
1327 4208 1482 4288 soknncs
1562 4201 1566 4210 ’
1602 4201 1605 4214 ’

315 4327 378 4381 tam
432 4316 563 4380 fratrum
622 4332 717 4398 quam
774 4316 972 4397 monialium,
1027 4315 1113 4380 uude
1158 4334 1242 4379 cnm·
1283 4311 1481 4380 venerabilia
