3202 5218
889 315 954 388 528

340 501 382 568 sd
402 501 525 585 looum,
546 505 623 586 post
644 517 766 564 moram
797 499 885 567 volni
915 485 1022 566 redire
1042 499 1081 566 sd
1104 499 1232 566 socies
1251 511 1287 565 et
1316 499 1512 565 montieolnn

339 609 521 692 oppositum
556 603 706 688 aseendi,
741 612 878 690 putans,
900 608 1079 670 stationam
1108 617 1263 670 nostram
1291 609 1327 671 in
1349 625 1388 668 eo
1414 603 1511 671 euti·

339 717 527 797 stere,'eos
548 728 613 774 non
636 709 766 792 inveni,
800 711 842 776 ad
862 712 958 775 alium
982 709 1023 774 do
1044 711 1120 775 hino
1147 713 1284 776 enourri
1307 707 1512 789 monticulum,

340 818 401 882 sed
422 815 553 880 minime
573 831 631 877 eos
651 815 780 896 reperi„
805 813 894 888 ,steri
914 834 993 901 ergo
1015 818 1189 880 snmus-et
1211 818 1248 880 in
1270 824 1401 880 nostem
1421 816 1514 896 iptsu

340 923 473 1006 impegi,
497 920 623 984 diosna:
656 936 761 982 onox
783 923 915 1004 nooiva,
946 939 967 984 a
994 921 1140 984 noonndo
1172 921 1262 984 bene
1285 920 1466 1000 nominata,
1483 927 1513 980 to

342 1049 423 1096 vere
455 1047 493 1090 es
514 1035 619 1090 torrae
641 1025 714 1086 sine
745 1033 834 1088 oerto
865 1034 957 1107 patra
985 1025 1069 1108 lilia,
1101 1026 1212 1088 solum
1253 1045 1299 1090 ex
1326 1023 1515 1107 oppositione

343 1145 450 1199 torrae
480 1139 615 1196 onosma
635 1138 669 1194 et
690 1129 809 1210 eonjux
830 1129 982 1195 terribilis
1002 1129 1118 1210 ltrebt,
1140 1131 1369 1214 Phaneteqne
1389 1127 1515 1211 pastoris

341 1239 509 1305 utilissimi
541 1235 670 1298 inimiea
691 1245 725 1298 et
750 1253 810 1319 per
834 1253 1039 1318 consequens
1065 1234 1160 1316 juxta
1185 1235 1258 1318 (b)
1289 1235 1428 1316 vulgare
1447 1249 1515 1293 ver·

342 1347 416 1410 bum
440 1341 521 1406 nulli
553 1341 673 1421 smioa,
694 1339 757 1402 nisi
779 1358 898 1403 nouere
917 1339 1124 1417 volentibus,
1154 1359 1235 1402 nam
1261 1341 1320 1421 qui
1344 1337 1427 1402 mala
1447 1335 1514 1416 agit,

343 1449 412 1514 odit
433 1448 553 1528 lneem,
576 1445 623 1512 ad¹
637 1454 736 1529 teque
758 1445 838 1508 solis
864 1445 1026 1508 inimieam
1048 1445 1216 1528 confugit,
1241 1443 1355 1525 unde,
1376 1439 1515 1522 ut-jugn·

343 1555 412 1618 lent
433 1551 593 1632 homines,
613 1560 751 1634 surgunt
772 1549 815 1613 de
834 1558 930 1612 noete
951 1549 1105 1613 latrones.
1128 1549 1218 1612 Nam
1243 1549 1406 1631 obsequio
1426 1544 1516 1608 male-

346 1660 420 1740 fico,
443 1653 529 1739 quod
545 1671 611 1718 nox
630 1655 890 1737 davi-praestitit
918 1654 1044 1717 volenti
1069 1652 1110 1717 ad
1130 1654 1333 1718 Alcmenam
1358 1652 1515 1716 foeminam

344 1764 485 1846 eupittm
507 1757 681 1844 aocedere,
705 1759 894 1822 commeruit
915 1759 1120 1842 quadrigam,
1142 1759 1175 1822 in
1198 1773 1269 1846 qua
1298 1769 1419 1823 terram
1448 1771 1514 1836 per·

346 1877 446 1954 petuo
468 1865 604 1928 eironitn
627 1864 728 1928 ambit
764 1873 797 1926 et
810 1861 914 1927 'robor
935 1862 1086 1928 domandi
1115 1863 1196 1930 deos
1218 1865 1369 1948 aooepit,
1391 1860 1464 1945 quia
1481 1872 1516 1917 oa

344 1979 519 2060 praesente
541 1972 782 2052 magnanimos,
806 1970 861 2051 qni
890 1971 1035 2052 ingentia
1066 1979 1199 2051 pectore
1226 1977 1385 2050 versant,
1419 1964 1515 2027 domat

346 2087 381 2142 et
403 2075 552 2161 opprimit
565 2081 606 2134 ‘et
627 2075 660 2136 in
682 2074 785 2137 laoem
807 2091 912 2157 nsque
932 2081 1071 2136 noeroet.
1114 2073 1269 2165 (lemque
1290 2073 1400 2138 noetis
1419 2070 1515 2132 inore·

346 2186 508 2268 pationem
527 2179 723 2259 linivissem,
745 2180 779 2242 in
801 2180 979 2260 meipsum
1002 2177 1133 2261 fremui,
1166 2179 1258 2263 qnod
1280 2172 1515 2242 infidelissimtt

347 2289 435 2352 noeti
456 2303 508 2346 me
540 2281 679 2364 credidi,
707 2300 779 2346 oum
802 2281 1041 2346 ambulantibus
1062 2291 1097 2347 et
1127 2284 1366 2367 navigantibus
1389 2274 1514 2340 insidio-

345 2393 479 2458 sissima
500 2389 555 2451 sit.
599 2383 741 2470 Coniugi
762 2406 841 2471 ergo
863 2388 904 2450 ad
925 2389 1086 2470 proprium
1109 2405 1192 2472 opus
1213 2389 1426 2472 angustiatae
1449 2378 1513 2442 ani-

228 2503 229 2508 ’
349 2513 421 2560 mae
442 2502 476 2556 et
497 2491 584 2554 attuli
598 2493 742 2576 spiritns,
756 2492 842 2575 quod
862 2501 913 2556 est
930 2493 1079 2573 olamaro,
1097 2493 1181 2556 siout
1201 2485 1458 2557 dicitnrliarnoh
1472 2482 1511 2545 b:

349 2601 468 2665 Anima
489 2598 522 2660 in
544 2597 702 2678 angtrstiis
727 2605 761 2658 et
781 2599 913 2680 spiritns
935 2600 1051 2660 anxios
1072 2597 1200 2680 elamat,
1222 2609 1257 2662 et
1280 2597 1509 2662 extolivooem

350 2705 392 2770 ad
415 2703 546 2770 militem
568 2701 791 2784 strenuiorem,
803 2702 989 2766 nobiliorem
1012 2711 1044 2764 et
1063 2701 1239 2765 fideliorem
1257 2704 1403 2785 mihique
1421 2689 1513 2774 magis

351 2810 561 2887 familiarem,
601 2825 740 2892 eumque
791 2815 912 2870 tantum
956 2809 1148 2890 cognomine
1185 2809 1347 2872 invocavi
1395 2801 1510 2864 dimas:

352 2915 572 2996 Sohomberg;
601 2913 658 2995 qui
679 2931 753 2975 mos
772 2930 824 2974 me
852 2912 961 2976 audito
992 2916 1133 2977 surrexit
1154 2920 1228 2975 eta
1261 2913 1366 2996 longe
1393 2902 1511 2991 posim

352 3039 426 3086 oum
448 3020 521 3082 aliis
543 3016 731 3080 reolamavit
758 3017 980 3099 ingeminans:
1010 3016 1121 3100 Felix,
1140 3017 1251 3080 llelixl
1275 3017 1422 3080 Secutus
1442 3017 1509 3084 ergt

353 3123 579 3209 respondentia
600 3140 715 3187 vooem
747 3124 905 3204 usquein
928 3124 1056 3186 tertium
1078 3120 1305 3207 montioulnm3
1333 3135 1397 3182 neo
1417 3121 1511 3178 umen

352 3247 411 3293 eos
432 3227 551 3290 inveni.
589 3229 712 3299 ,lterum
737 3245 815 3308 ergo
836 3225 974 3289 clamavi
996 3229 1060 3290 siet
1082 3228 1141 3309 ho,
1162 3228 1214 3309 lro,
1236 3235 1286 3290 et:
1310 3242 1374 3290 vos
1395 3219 1447 3284 ubi
1465 3215 1509 3274 lt·

353 3329 509 3396 veniaml
551 3329 778 3413 Colloquimiui
810 3347 942 3412 preoor,
970 3347 1138 3415 quousque
1169 3337 1360 3414 perveniam
1382 3326 1422 3393 ad
1449 3332 1508 3394 νοῦ»

355 3437 432 3538 qnia
452 3433 605 3497 tenebrae
627 3443 660 3496 at
689 3433 851 3526 silentium
873 3451 926 3495 me
947 3432 1117 3498 deducunt.
1162 3436 1220 3500 flio
1247 3456 1328 3521 ergo
1356 3431 1508 3511 solioque·

353 3541 484 3621 bamur,
512 3556 682 3623 quousque
702 3537 744 3602 ad
765 3554 824 3600 eos
844 3539 939 3620 veni„
970 3539 1026 3622 qui
1047 3537 1126 3602 dure
1153 3543 1368 3627 increpabant
1393 3553 1444 3602 mo
1462 3541 1508 3612 ΡΝ

352 3645 478 3710 ineerta
508 3653 542 3709 et
574 3644 725 3710 insecura
751 3643 963 3727 evagatione,
1000 3662 1087 3707 eram
1115 3647 1199 3708 enim
1236 3648 1338 3712 multo
1373 3633 1509 3708 remelitl

354 3751 462 3816 metus
492 3751 533 3814 ab
556 3752 622 3832 eis,
645 3769 741 3835 qoam
771 3751 1028 3813 aestimaveram.
1073 3747 1221 3834 Cumque
1245 3750 1286 3814 ad
1307 3753 1382 3816 illos
1406 3738 1508 3808 venis·

353 3872 448 3937 nur,
464 3855 503 3933 ii,
530 3857 585 3938 qni
605 3859 813 3940 quieverant,
845 3853 1045 3918 resederunt.
1088 3855 1164 3919 Jam
1186 3865 1292 3920 antem
1322 3853 1429 3919 noetis
1448 3855 1508 3908 πθ·

353 3959 442 4023 ἀίω
461 3961 633 4023 transierat
650 3968 684 4022 et
699 3969 828 4042 tempus
848 3959 970 4044 aderat,
987 3979 1051 4043 qno
1066 3960 1227 4024 eamelarii
1244 3960 1366 4024 bestias
1387 3955 1508 4020 onnrm

352 4065 497 4148 lnoipere
517 4062 685 4146 solebant,
706 4063 852 4126 sedimus
870 4083 949 4147 ergo
980 4074 1012 4127 at
1034 4083 1108 4129 eom
1129 4083 1248 4149 magno
1277 4065 1405 4128 silentio
1424 4047 1506 4120 audi·

353 4178 420 4245 tum
442 4169 658 4252 praebuimus,
671 4167 893 4232 desiderantes
916 4165 1054 4251 rugitum
1076 4169 1271 4232 camelorum
1291 4170 1411 4234 andire
1432 4158 1505 4223 ΒΜ

353 4283 459 4340 autem
481 4272 676 4358 aliquamdiu
697 4275 747 4337 sio
769 4271 986 4356 sedissemus,
1008 4291 1087 4337 eoae
1108 4275 1303 4339 oamelorum
1323 4291 1389 4339 vox
1410 4266 1505 4348 optata

352 4379 504 4446 insonare
525 4381 631 4464 eoepit
652 4387 685 4444 et
702 4381 831 4463 rogitas
851 4397 961 4446 eorum
982 4377 1104 4446 extolli
1127 4377 1200 4458 Quo
1221 4380 1341 4462 andito,
1367 4375 1504 4462 quantu¹¹¹
