<?xml version="1.0" encoding="UTF-8"?>
<!DOCTYPE html PUBLIC "-//W3C//DTD XHTML 1.0 Transitional//EN"
    "http://www.w3.org/TR/xhtml1/DTD/xhtml1-transitional.dtd">
<html xmlns="http://www.w3.org/1999/xhtml" xml:lang="en" lang="en">
 <head>
  <title>
</title>
<meta http-equiv="Content-Type" content="text/html;charset=utf-8" />
  <meta name='ocr-system' content='tesseract 3.04.00' />
  <meta name='ocr-capabilities' content='ocr_page ocr_carea ocr_par ocr_line ocrx_word'/>
</head>
<body>
  <div class='ocr_page' id='page_1' title='image "./fratrisfelicisf04fabrgoog_0017.png"; bbox 0 0 3132 5206; ppageno 0'>
   <div class='ocr_carea' id='block_1_1' title="bbox 715 277 828 342">
    <p class='ocr_par' dir='ltr' id='par_1_1' title="bbox 715 277 828 342">
     <span class='ocr_line' id='line_1_1' title="bbox 715 277 828 342; baseline 0 -21"><span class='ocrx_word' id='word_1_1' title='bbox 715 277 738 342; x_wconf 61' lang='grc' dir='ltr'>δ</span> <span class='ocrx_word' id='word_1_2' title='bbox 825 308 828 321; x_wconf 83' lang='grc'>.</span> 
     </span>
    </p>
   </div>
   <div class='ocr_carea' id='block_1_2' title="bbox 135 459 1338 969">
    <p class='ocr_par' dir='ltr' id='par_1_2' title="bbox 135 459 1338 969">
     <span class='ocr_line' id='line_1_2' title="bbox 136 459 1309 549; baseline -0.003 -19"><span class='ocrx_word' id='word_1_3' title='bbox 136 467 238 549; x_wconf 70' lang='lat' dir='ltr'><strong>eboni</strong></span> <span class='ocrx_word' id='word_1_4' title='bbox 260 462 391 541; x_wconf 74' lang='lat' dir='ltr'><strong>deved,</strong></span> <span class='ocrx_word' id='word_1_5' title='bbox 415 462 471 546; x_wconf 81' lang='lat' dir='ltr'><strong>qai</strong></span> <span class='ocrx_word' id='word_1_6' title='bbox 500 481 543 526; x_wconf 86' lang='lat' dir='ltr'><strong>ex</strong></span> <span class='ocrx_word' id='word_1_7' title='bbox 564 459 736 526; x_wconf 84' lang='lat' dir='ltr'><strong>devotione</strong></span> <span class='ocrx_word' id='word_1_8' title='bbox 758 459 905 524; x_wconf 82' lang='lat' dir='ltr'><strong>militiam</strong></span> <span class='ocrx_word' id='word_1_9' title='bbox 927 460 1124 546; x_wconf 86' lang='lat' dir='ltr'><strong>suscipiunt,</strong></span> <span class='ocrx_word' id='word_1_10' title='bbox 1146 469 1179 524; x_wconf 90' lang='lat' dir='ltr'><strong>et</strong></span> <span class='ocrx_word' id='word_1_11' title='bbox 1201 469 1309 526; x_wconf 86' lang='lat' dir='ltr'><strong>tamea</strong></span> 
     </span>
     <span class='ocr_line' id='line_1_3' title="bbox 135 553 1338 651; baseline -0.003 -15"><span class='ocrx_word' id='word_1_12' title='bbox 135 571 272 636; x_wconf 79' lang='lat' dir='ltr'><strong>militiae</strong></span> <span class='ocrx_word' id='word_1_13' title='bbox 291 569 435 651; x_wconf 79' lang='lat' dir='ltr'><strong>insignia</strong></span> <span class='ocrx_word' id='word_1_14' title='bbox 459 567 546 630; x_wconf 86' lang='lat' dir='ltr'><strong>ierre</strong></span> <span class='ocrx_word' id='word_1_15' title='bbox 566 565 680 629; x_wconf 88' lang='lat' dir='ltr'><strong>nolunt</strong></span> <span class='ocrx_word' id='word_1_16' title='bbox 701 565 735 628; x_wconf 90' lang='lat' dir='ltr'><strong>in</strong></span> <span class='ocrx_word' id='word_1_17' title='bbox 755 568 878 649; x_wconf 86' lang='lat' dir='ltr'><strong>patria,</strong></span> <span class='ocrx_word' id='word_1_18' title='bbox 912 564 969 628; x_wconf 91' lang='lat' dir='ltr'><strong>ille</strong></span> <span class='ocrx_word' id='word_1_19' title='bbox 989 583 1051 628; x_wconf 91' lang='lat' dir='ltr'><strong>nec</strong></span> <span class='ocrx_word' id='word_1_20' title='bbox 1071 583 1092 628; x_wconf 92' lang='lat' dir='ltr'><strong>a</strong></span> <span class='ocrx_word' id='word_1_21' title='bbox 1113 568 1310 650; x_wconf 86' lang='lat' dir='ltr'><strong>principibus</strong></span> <span class='ocrx_word' id='word_1_22' title='bbox 1332 553 1338 563; x_wconf 56' lang='lat'><strong>¹</strong></span> 
     </span>
     <span class='ocr_line' id='line_1_4' title="bbox 135 667 1307 756; baseline -0.005 -16"><span class='ocrx_word' id='word_1_23' title='bbox 135 693 202 740; x_wconf 89' lang='lat' dir='ltr'><strong>nee</strong></span> <span class='ocrx_word' id='word_1_24' title='bbox 222 675 265 738; x_wconf 91' lang='lat' dir='ltr'><strong>ab</strong></span> <span class='ocrx_word' id='word_1_25' title='bbox 286 673 360 738; x_wconf 84' lang='lat' dir='ltr'><strong>allis</strong></span> <span class='ocrx_word' id='word_1_26' title='bbox 388 672 632 756; x_wconf 82' lang='lat' dir='ltr'><strong>percutiuntur,</strong></span> <span class='ocrx_word' id='word_1_27' title='bbox 664 669 725 734; x_wconf 89' lang='lat' dir='ltr'><strong>sed</strong></span> <span class='ocrx_word' id='word_1_28' title='bbox 751 667 929 752; x_wconf 75' lang='lat' dir='ltr'><strong>suhjlciuut</strong></span> <span class='ocrx_word' id='word_1_29' title='bbox 956 687 994 732; x_wconf 87' lang='lat' dir='ltr'><strong>se</strong></span> <span class='ocrx_word' id='word_1_30' title='bbox 1015 669 1122 734; x_wconf 85' lang='lat' dir='ltr'><strong>Fratri</strong></span> <span class='ocrx_word' id='word_1_31' title='bbox 1144 671 1307 738; x_wconf 85' lang='lat' dir='ltr'><strong>¹Johanni.</strong></span> 
     </span>
     <span class='ocr_line' id='line_1_5' title="bbox 136 771 1309 862; baseline -0.003 -18"><span class='ocrx_word' id='word_1_32' title='bbox 136 780 228 844; x_wconf 81' lang='lat' dir='ltr'><strong>Sunt</strong></span> <span class='ocrx_word' id='word_1_33' title='bbox 250 796 332 862; x_wconf 79' lang='lat' dir='ltr'><strong>ergo</strong></span> <span class='ocrx_word' id='word_1_34' title='bbox 361 777 465 840; x_wconf 89' lang='lat' dir='ltr'><strong>sicin</strong></span> <span class='ocrx_word' id='word_1_35' title='bbox 486 777 543 839; x_wconf 89' lang='lat' dir='ltr'><strong>illa</strong></span> <span class='ocrx_word' id='word_1_36' title='bbox 579 773 661 840; x_wconf 83' lang='lat' dir='ltr'><strong>hera</strong></span> <span class='ocrx_word' id='word_1_37' title='bbox 694 793 807 838; x_wconf 86' lang='lat' dir='ltr'><strong>omnes</strong></span> <span class='ocrx_word' id='word_1_38' title='bbox 843 771 968 838; x_wconf 87' lang='lat' dir='ltr'><strong>nobiles</strong></span> <span class='ocrx_word' id='word_1_39' title='bbox 997 772 1076 837; x_wconf 82' lang='lat' dir='ltr'><strong>laeti</strong></span> <span class='ocrx_word' id='word_1_40' title='bbox 1108 775 1243 860; x_wconf 79' lang='lat' dir='ltr'><strong>milites,</strong></span> <span class='ocrx_word' id='word_1_41' title='bbox 1274 785 1309 842; x_wconf 82' lang='lat' dir='ltr'><strong>el</strong></span> 
     </span>
     <span class='ocr_line' id='line_1_6' title="bbox 137 879 1310 969; baseline -0.003 -21"><span class='ocrx_word' id='word_1_42' title='bbox 137 885 275 969; x_wconf 78' lang='lat' dir='ltr'>quilibet</span> <span class='ocrx_word' id='word_1_43' title='bbox 294 884 328 946; x_wconf 88' lang='lat' dir='ltr'><strong>in</strong></span> <span class='ocrx_word' id='word_1_44' title='bbox 349 883 557 965; x_wconf 71' lang='lat' dir='ltr'><strong>susceptione</strong></span> <span class='ocrx_word' id='word_1_45' title='bbox 581 879 716 944; x_wconf 85' lang='lat' dir='ltr'><strong>milllias</strong></span> <span class='ocrx_word' id='word_1_46' title='bbox 736 880 872 944; x_wconf 87' lang='lat' dir='ltr'><strong>contulit</strong></span> <span class='ocrx_word' id='word_1_47' title='bbox 892 896 1009 942; x_wconf 90' lang='lat' dir='ltr'><strong>munus</strong></span> <span class='ocrx_word' id='word_1_48' title='bbox 1041 879 1183 942; x_wconf 86' lang='lat' dir='ltr'><strong>notabile</strong></span> <span class='ocrx_word' id='word_1_49' title='bbox 1215 881 1310 961; x_wconf 87' lang='lat' dir='ltr'><strong>juxta</strong></span> 
     </span>
    </p>
   </div>
   <div class='ocr_carea' id='block_1_3' title="bbox 1 983 1310 1071">
    <p class='ocr_par' dir='ltr' id='par_1_3' title="bbox 1 983 1310 1071">
     <span class='ocr_line' id='line_1_7' title="bbox 1 983 1310 1071; baseline -0.002 -17"><span class='ocrx_word' id='word_1_50' title='bbox 1 993 2 1001; x_wconf 76' lang='grc'>’</span> <span class='ocrx_word' id='word_1_51' title='bbox 137 1007 234 1054; x_wconf 70' lang='lat' dir='ltr'><strong>mum</strong></span> <span class='ocrx_word' id='word_1_52' title='bbox 255 1005 354 1071; x_wconf 88' lang='lat' dir='ltr'><strong>posse</strong></span> <span class='ocrx_word' id='word_1_53' title='bbox 374 983 480 1048; x_wconf 81' lang='lat' dir='ltr'><strong>Fratri</strong></span> <span class='ocrx_word' id='word_1_54' title='bbox 491 983 642 1048; x_wconf 89' lang='lat' dir='ltr'><strong>Johauni.</strong></span> <span class='ocrx_word' id='word_1_55' title='bbox 665 983 819 1069; x_wconf 81' lang='lat' dir='ltr'><strong>Aliquill</strong></span> <span class='ocrx_word' id='word_1_56' title='bbox 832 985 978 1068; x_wconf 82' lang='lat' dir='ltr'><strong>ducatos,</strong></span> <span class='ocrx_word' id='word_1_57' title='bbox 989 984 1088 1068; x_wconf 85' lang='lat' dir='ltr'><strong>aliqui</strong></span> <span class='ocrx_word' id='word_1_58' title='bbox 1097 983 1189 1063; x_wconf 87' lang='lat' dir='ltr'><strong>Vlll,</strong></span> <span class='ocrx_word' id='word_1_59' title='bbox 1211 985 1310 1070; x_wconf 77' lang='lat' dir='ltr'>aliqui</span> 
     </span>
    </p>
   </div>
   <div class='ocr_carea' id='block_1_4' title="bbox 138 1089 1309 1492">
    <p class='ocr_par' dir='ltr' id='par_1_4' title="bbox 138 1089 1309 1492">
     <span class='ocr_line' id='line_1_8' title="bbox 139 1089 1309 1177; baseline -0.002 -21"><span class='ocrx_word' id='word_1_60' title='bbox 139 1096 200 1177; x_wconf 82' lang='lat' dir='ltr'><strong>vl,</strong></span> <span class='ocrx_word' id='word_1_61' title='bbox 221 1093 321 1176; x_wconf 88' lang='lat' dir='ltr'><strong>aliqui</strong></span> <span class='ocrx_word' id='word_1_62' title='bbox 344 1090 380 1154; x_wconf 90' lang='lat' dir='ltr'>V</span> <span class='ocrx_word' id='word_1_63' title='bbox 401 1108 460 1173; x_wconf 93' lang='lat' dir='ltr'><strong>pro</strong></span> <span class='ocrx_word' id='word_1_64' title='bbox 480 1090 586 1152; x_wconf 76' lang='lat' dir='ltr'><strong>suncti</strong></span> <span class='ocrx_word' id='word_1_65' title='bbox 607 1089 771 1172; x_wconf 71' lang='lat' dir='ltr'>sepulchri</span> <span class='ocrx_word' id='word_1_66' title='bbox 799 1099 833 1153; x_wconf 89' lang='lat' dir='ltr'><strong>et</strong></span> <span class='ocrx_word' id='word_1_67' title='bbox 863 1089 1023 1152; x_wconf 84' lang='lat' dir='ltr'><strong>eeclesiae</strong></span> <span class='ocrx_word' id='word_1_68' title='bbox 1045 1091 1247 1172; x_wconf 74' lang='lat' dir='ltr'><strong>reparatione</strong></span> <span class='ocrx_word' id='word_1_69' title='bbox 1275 1100 1309 1154; x_wconf 88' lang='lat' dir='ltr'><strong>et</strong></span> 
     </span>
     <span class='ocr_line' id='line_1_9' title="bbox 138 1191 1309 1278; baseline -0.003 -15"><span class='ocrx_word' id='word_1_70' title='bbox 138 1199 282 1263; x_wconf 88' lang='lat' dir='ltr'><strong>loeorum</strong></span> <span class='ocrx_word' id='word_1_71' title='bbox 310 1204 496 1258; x_wconf 72' lang='lat' dir='ltr'><strong>munorum</strong></span> <span class='ocrx_word' id='word_1_72' title='bbox 523 1191 749 1278; x_wconf 85' lang='lat' dir='ltr'><strong>honoratione,</strong></span> <span class='ocrx_word' id='word_1_73' title='bbox 777 1203 813 1256; x_wconf 86' lang='lat' dir='ltr'><strong>at</strong></span> <span class='ocrx_word' id='word_1_74' title='bbox 829 1193 979 1258; x_wconf 70' lang='lat' dir='ltr'><strong>Fratrum</strong></span> <span class='ocrx_word' id='word_1_75' title='bbox 1006 1191 1173 1258; x_wconf 84' lang='lat' dir='ltr'><strong>custodiae</strong></span> <span class='ocrx_word' id='word_1_76' title='bbox 1204 1196 1309 1260; x_wconf 86' lang='lat' dir='ltr'><strong>sancti</strong></span> 
     </span>
     <span class='ocr_line' id='line_1_10' title="bbox 139 1297 1309 1388; baseline -0.002 -22"><span class='ocrx_word' id='word_1_77' title='bbox 139 1303 306 1388; x_wconf 70' lang='lat' dir='ltr'><strong>sepulchri</strong></span> <span class='ocrx_word' id='word_1_78' title='bbox 338 1299 534 1364; x_wconf 75' lang='lat' dir='ltr'><strong>enutritione</strong></span> <span class='ocrx_word' id='word_1_79' title='bbox 570 1307 603 1360; x_wconf 91' lang='lat' dir='ltr'><strong>et</strong></span> <span class='ocrx_word' id='word_1_80' title='bbox 642 1298 823 1381; x_wconf 82' lang='lat' dir='ltr'><strong>lampadum</strong></span> <span class='ocrx_word' id='word_1_81' title='bbox 861 1301 1052 1362; x_wconf 80' lang='lat' dir='ltr'><strong>incensione</strong></span> <span class='ocrx_word' id='word_1_82' title='bbox 1090 1305 1125 1362; x_wconf 79' lang='lat' dir='ltr'><strong>et</strong></span> <span class='ocrx_word' id='word_1_83' title='bbox 1153 1298 1196 1362; x_wconf 89' lang='lat' dir='ltr'><strong>ad</strong></span> <span class='ocrx_word' id='word_1_84' title='bbox 1227 1297 1309 1364; x_wconf 86' lang='lat' dir='ltr'><strong>alios</strong></span> 
     </span>
     <span class='ocr_line' id='line_1_11' title="bbox 138 1401 1275 1492; baseline -0.008 -19"><span class='ocrx_word' id='word_1_85' title='bbox 138 1425 238 1492; x_wconf 74' lang='lat' dir='ltr'><strong>mus,</strong></span> <span class='ocrx_word' id='word_1_86' title='bbox 259 1405 302 1472; x_wconf 85' lang='lat' dir='ltr'><strong>ad</strong></span> <span class='ocrx_word' id='word_1_87' title='bbox 323 1422 406 1490; x_wconf 88' lang='lat' dir='ltr'><strong>quos</strong></span> <span class='ocrx_word' id='word_1_88' title='bbox 427 1401 536 1469; x_wconf 77' lang='lat' dir='ltr'><strong>dictos</strong></span> <span class='ocrx_word' id='word_1_89' title='bbox 557 1401 656 1468; x_wconf 87' lang='lat' dir='ltr'><strong>irater</strong></span> <span class='ocrx_word' id='word_1_90' title='bbox 675 1405 844 1470; x_wconf 84' lang='lat' dir='ltr'><strong>Johauues</strong></span> <span class='ocrx_word' id='word_1_91' title='bbox 864 1404 927 1468; x_wconf 90' lang='lat' dir='ltr'><strong>scit</strong></span> <span class='ocrx_word' id='word_1_92' title='bbox 949 1420 1025 1466; x_wconf 89' lang='lat' dir='ltr'><strong>esse</strong></span> <span class='ocrx_word' id='word_1_93' title='bbox 1046 1403 1275 1468; x_wconf 85' lang='lat' dir='ltr'><strong>necessarium.</strong></span> 
     </span>
    </p>
   </div>
   <div class='ocr_carea' id='block_1_5' title="bbox 137 1617 1361 1860">
    <p class='ocr_par' dir='ltr' id='par_1_5' title="bbox 137 1617 1361 1860">
     <span class='ocr_line' id='line_1_12' title="bbox 137 1617 1361 1741; baseline -0.02 -14"><span class='ocrx_word' id='word_1_94' title='bbox 137 1644 222 1740; x_wconf 80' lang='lat' dir='ltr'><strong>(B)</strong></span> <span class='ocrx_word' id='word_1_95' title='bbox 248 1635 524 1719; x_wconf 82' lang='lat' dir='ltr'><strong>Commendatio</strong></span> <span class='ocrx_word' id='word_1_96' title='bbox 565 1635 711 1713; x_wconf 82' lang='lat' dir='ltr'><strong>militiae</strong></span> <span class='ocrx_word' id='word_1_97' title='bbox 749 1617 874 1716; x_wconf 56' lang='lat' dir='ltr'><strong>&#39;sancti</strong></span> <span class='ocrx_word' id='word_1_98' title='bbox 908 1639 1090 1741; x_wconf 71' lang='lat' dir='ltr'><strong>sepulchri</strong></span> <span class='ocrx_word' id='word_1_99' title='bbox 1125 1649 1165 1713; x_wconf 87' lang='lat' dir='ltr'><strong>et</strong></span> <span class='ocrx_word' id='word_1_100' title='bbox 1195 1629 1305 1740; x_wconf 65' lang='lat' dir='ltr'><strong>prael</strong></span> <span class='ocrx_word' id='word_1_101' title='bbox 1355 1693 1361 1700; x_wconf 91' lang='lat'>.</span> 
     </span>
     <span class='ocr_line' id='line_1_13' title="bbox 138 1757 1304 1860; baseline -0.021 -16"><span class='ocrx_word' id='word_1_102' title='bbox 138 1761 336 1844; x_wconf 84' lang='lat' dir='ltr'><strong>eminentia</strong></span> <span class='ocrx_word' id='word_1_103' title='bbox 370 1757 516 1860; x_wconf 29' lang='lat' dir='ltr'><strong>illorum·</strong></span> <span class='ocrx_word' id='word_1_104' title='bbox 537 1758 684 1832; x_wconf 86' lang='lat' dir='ltr'><strong>militum</strong></span> <span class='ocrx_word' id='word_1_105' title='bbox 716 1781 826 1860; x_wconf 86' lang='lat' dir='ltr'><strong>super</strong></span> <span class='ocrx_word' id='word_1_106' title='bbox 859 1781 984 1835; x_wconf 81' lang='lat' dir='ltr'><strong>omnes</strong></span> <span class='ocrx_word' id='word_1_107' title='bbox 1009 1757 1129 1834; x_wconf 82' lang='lat' dir='ltr'><strong>mnndi</strong></span> <span class='ocrx_word' id='word_1_108' title='bbox 1160 1757 1304 1834; x_wconf 70' lang='lat' dir='ltr'><strong>milites.</strong></span> 
     </span>
    </p>
   </div>
   <div class='ocr_carea' id='block_1_6' title="bbox 132 1939 1308 4114">
    <p class='ocr_par' dir='ltr' id='par_1_6' title="bbox 132 1939 1308 4114">
     <span class='ocr_line' id='line_1_14' title="bbox 222 1939 1306 2025; baseline -0.009 -15"><span class='ocrx_word' id='word_1_109' title='bbox 222 1945 387 2010; x_wconf 82' lang='lat' dir='ltr'><strong>Nobilium</strong></span> <span class='ocrx_word' id='word_1_110' title='bbox 417 1939 663 2025; x_wconf 79' lang='lat' dir='ltr'><strong>magnanimitas</strong></span> <span class='ocrx_word' id='word_1_111' title='bbox 696 1939 891 2025; x_wconf 80' lang='lat' dir='ltr'><strong>abantiquo</strong></span> <span class='ocrx_word' id='word_1_112' title='bbox 919 1961 984 2008; x_wconf 88' lang='lat' dir='ltr'><strong>non</strong></span> <span class='ocrx_word' id='word_1_113' title='bbox 1022 1941 1113 2004; x_wconf 86' lang='lat' dir='ltr'><strong>stetit</strong></span> <span class='ocrx_word' id='word_1_114' title='bbox 1151 1945 1306 2002; x_wconf 86' lang='lat' dir='ltr'><strong>contenta</strong></span> 
     </span>
     <span class='ocr_line' id='line_1_15' title="bbox 137 2041 1306 2129; baseline -0.009 -14"><span class='ocrx_word' id='word_1_115' title='bbox 137 2051 258 2116; x_wconf 89' lang='lat' dir='ltr'><strong>linibus</strong></span> <span class='ocrx_word' id='word_1_116' title='bbox 289 2047 482 2112; x_wconf 74' lang='lat' dir='ltr'><strong>naturalium</strong></span> <span class='ocrx_word' id='word_1_117' title='bbox 514 2051 682 2128; x_wconf 83' lang='lat' dir='ltr'><strong>parentum</strong></span> <span class='ocrx_word' id='word_1_118' title='bbox 710 2061 770 2107; x_wconf 89' lang='lat' dir='ltr'><strong>seu</strong></span> <span class='ocrx_word' id='word_1_119' title='bbox 795 2047 1034 2129; x_wconf 85' lang='lat' dir='ltr'><strong>progenitorum</strong></span> <span class='ocrx_word' id='word_1_120' title='bbox 1062 2061 1212 2127; x_wconf 89' lang='lat' dir='ltr'><strong>suornm,</strong></span> <span class='ocrx_word' id='word_1_121' title='bbox 1245 2041 1306 2106; x_wconf 89' lang='lat' dir='ltr'><strong>sed</strong></span> 
     </span>
     <span class='ocr_line' id='line_1_16' title="bbox 137 2145 1307 2220; baseline -0.011 0"><span class='ocrx_word' id='word_1_122' title='bbox 137 2159 227 2220; x_wconf 85' lang='lat' dir='ltr'><strong>cirea</strong></span> <span class='ocrx_word' id='word_1_123' title='bbox 246 2155 298 2218; x_wconf 89' lang='lat' dir='ltr'><strong>sui</strong></span> <span class='ocrx_word' id='word_1_124' title='bbox 317 2151 457 2216; x_wconf 88' lang='lat' dir='ltr'><strong>nominis</strong></span> <span class='ocrx_word' id='word_1_125' title='bbox 478 2149 592 2212; x_wconf 86' lang='lat' dir='ltr'><strong>titulos</strong></span> <span class='ocrx_word' id='word_1_126' title='bbox 612 2146 817 2210; x_wconf 89' lang='lat' dir='ltr'><strong>extollendos</strong></span> <span class='ocrx_word' id='word_1_127' title='bbox 838 2145 990 2212; x_wconf 86' lang='lat' dir='ltr'><strong>insudare</strong></span> <span class='ocrx_word' id='word_1_128' title='bbox 1008 2149 1189 2212; x_wconf 86' lang='lat' dir='ltr'><strong>cousuevit.</strong></span> <span class='ocrx_word' id='word_1_129' title='bbox 1217 2145 1307 2208; x_wconf 84' lang='lat' dir='ltr'><strong>Des-</strong></span> 
     </span>
     <span class='ocr_line' id='line_1_17' title="bbox 138 2249 1308 2338; baseline -0.013 -12"><span class='ocrx_word' id='word_1_130' title='bbox 138 2262 234 2326; x_wconf 84' lang='lat' dir='ltr'><strong>cribit</strong></span> <span class='ocrx_word' id='word_1_131' title='bbox 253 2261 341 2322; x_wconf 82' lang='lat' dir='ltr'><strong>enbn</strong></span> <span class='ocrx_word' id='word_1_132' title='bbox 362 2254 691 2338; x_wconf 72' lang='lat' dir='ltr'><strong>historiographorum</strong></span> <span class='ocrx_word' id='word_1_133' title='bbox 707 2254 894 2337; x_wconf 70' lang='lat' dir='ltr'><strong>antiquitas,</strong></span> <span class='ocrx_word' id='word_1_134' title='bbox 908 2253 1041 2316; x_wconf 87' lang='lat' dir='ltr'><strong>venisse</strong></span> <span class='ocrx_word' id='word_1_135' title='bbox 1057 2251 1098 2315; x_wconf 88' lang='lat' dir='ltr'><strong>de</strong></span> <span class='ocrx_word' id='word_1_136' title='bbox 1108 2249 1308 2334; x_wconf 81' lang='lat' dir='ltr'><strong>Carthagine</strong></span> 
     </span>
     <span class='ocr_line' id='line_1_18' title="bbox 137 2356 1306 2446; baseline -0.01 -16"><span class='ocrx_word' id='word_1_137' title='bbox 137 2365 180 2430; x_wconf 81' lang='lat' dir='ltr'><strong>sd</strong></span> <span class='ocrx_word' id='word_1_138' title='bbox 200 2365 316 2429; x_wconf 81' lang='lat' dir='ltr'><strong>ltaliae</strong></span> <span class='ocrx_word' id='word_1_139' title='bbox 333 2369 446 2446; x_wconf 85' lang='lat' dir='ltr'><strong>partes</strong></span> <span class='ocrx_word' id='word_1_140' title='bbox 466 2357 699 2442; x_wconf 80' lang='lat' dir='ltr'><strong>Hannibalem,</strong></span> <span class='ocrx_word' id='word_1_141' title='bbox 727 2357 959 2422; x_wconf 87' lang='lat' dir='ltr'><strong>nobilissimum</strong></span> <span class='ocrx_word' id='word_1_142' title='bbox 979 2356 1142 2442; x_wconf 78' lang='lat' dir='ltr'><strong>Aliorum,</strong></span> <span class='ocrx_word' id='word_1_143' title='bbox 1164 2365 1198 2422; x_wconf 89' lang='lat' dir='ltr'><strong>et</strong></span> <span class='ocrx_word' id='word_1_144' title='bbox 1228 2375 1306 2439; x_wconf 89' lang='lat' dir='ltr'><strong>pro·</strong></span> 
     </span>
     <span class='ocr_line' id='line_1_19' title="bbox 137 2459 1304 2556; baseline -0.006 -23"><span class='ocrx_word' id='word_1_145' title='bbox 137 2473 230 2556; x_wconf 82' lang='lat' dir='ltr'><strong>prlae</strong></span> <span class='ocrx_word' id='word_1_146' title='bbox 249 2467 439 2534; x_wconf 68' lang='lat' dir='ltr'><strong>strenuitate</strong></span> <span class='ocrx_word' id='word_1_147' title='bbox 459 2463 591 2528; x_wconf 75' lang='lat' dir='ltr'><strong>ussus</strong></span> <span class='ocrx_word' id='word_1_148' title='bbox 618 2459 754 2526; x_wconf 75' lang='lat' dir='ltr'><strong>nomem</strong></span> <span class='ocrx_word' id='word_1_149' title='bbox 781 2463 1002 2548; x_wconf 80' lang='lat' dir='ltr'><strong>plurimasque</strong></span> <span class='ocrx_word' id='word_1_150' title='bbox 1034 2465 1221 2547; x_wconf 88' lang='lat' dir='ltr'><strong>provincias</strong></span> <span class='ocrx_word' id='word_1_151' title='bbox 1241 2481 1304 2526; x_wconf 90' lang='lat' dir='ltr'><strong>suo</strong></span> 
     </span>
     <span class='ocr_line' id='line_1_20' title="bbox 135 2567 1304 2658; baseline -0.009 -18"><span class='ocrx_word' id='word_1_152' title='bbox 135 2576 273 2658; x_wconf 90' lang='lat' dir='ltr'><strong>imperio</strong></span> <span class='ocrx_word' id='word_1_153' title='bbox 304 2571 511 2654; x_wconf 73' lang='lat' dir='ltr'><strong>subjugasse.</strong></span> <span class='ocrx_word' id='word_1_154' title='bbox 565 2568 616 2631; x_wconf 91' lang='lat' dir='ltr'><strong>lta</strong></span> <span class='ocrx_word' id='word_1_155' title='bbox 653 2568 749 2630; x_wconf 87' lang='lat' dir='ltr'><strong>etiam</strong></span> <span class='ocrx_word' id='word_1_156' title='bbox 780 2567 924 2632; x_wconf 85' lang='lat' dir='ltr'><strong>l&#39;orseus</strong></span> <span class='ocrx_word' id='word_1_157' title='bbox 956 2569 1092 2651; x_wconf 69' lang='lat' dir='ltr'><strong>lacius,</strong></span> <span class='ocrx_word' id='word_1_158' title='bbox 1127 2567 1304 2632; x_wconf 85' lang='lat' dir='ltr'><strong>nobilitatis</strong></span> 
     </span>
     <span class='ocr_line' id='line_1_21' title="bbox 134 2669 1304 2758; baseline -0.003 -19"><span class='ocrx_word' id='word_1_159' title='bbox 134 2677 296 2740; x_wconf 82' lang='lat' dir='ltr'><strong>Graeciae</strong></span> <span class='ocrx_word' id='word_1_160' title='bbox 316 2682 425 2758; x_wconf 85' lang='lat' dir='ltr'><strong>pater,</strong></span> <span class='ocrx_word' id='word_1_161' title='bbox 447 2693 535 2738; x_wconf 82' lang='lat' dir='ltr'><strong>mere</strong></span> <span class='ocrx_word' id='word_1_162' title='bbox 556 2689 640 2757; x_wconf 87' lang='lat' dir='ltr'><strong>equo</strong></span> <span class='ocrx_word' id='word_1_163' title='bbox 660 2669 746 2735; x_wconf 79' lang='lat' dir='ltr'><strong>alato</strong></span> <span class='ocrx_word' id='word_1_164' title='bbox 775 2672 975 2738; x_wconf 73' lang='lat' dir='ltr'><strong>transvolato</strong></span> <span class='ocrx_word' id='word_1_165' title='bbox 1000 2671 1168 2736; x_wconf 80' lang='lat' dir='ltr'><strong>Persidem</strong></span> <span class='ocrx_word' id='word_1_166' title='bbox 1200 2676 1304 2736; x_wconf 84' lang='lat' dir='ltr'><strong>intra-</strong></span> 
     </span>
     <span class='ocr_line' id='line_1_22' title="bbox 137 2773 1304 2862; baseline -0.005 -19"><span class='ocrx_word' id='word_1_167' title='bbox 137 2781 187 2844; x_wconf 80' lang='lat' dir='ltr'><strong>vit</strong></span> <span class='ocrx_word' id='word_1_168' title='bbox 228 2795 365 2862; x_wconf 87' lang='lat' dir='ltr'><strong>eamque</strong></span> <span class='ocrx_word' id='word_1_169' title='bbox 395 2773 525 2839; x_wconf 84' lang='lat' dir='ltr'><strong>devicit.</strong></span> <span class='ocrx_word' id='word_1_170' title='bbox 579 2773 638 2839; x_wconf 85' lang='lat' dir='ltr'><strong>Sic</strong></span> <span class='ocrx_word' id='word_1_171' title='bbox 668 2785 703 2839; x_wconf 86' lang='lat' dir='ltr'><strong>et</strong></span> <span class='ocrx_word' id='word_1_172' title='bbox 740 2775 928 2845; x_wconf 80' lang='lat' dir='ltr'><strong>Alexander</strong></span> <span class='ocrx_word' id='word_1_173' title='bbox 960 2783 1080 2858; x_wconf 87' lang='lat' dir='ltr'><strong>potens</strong></span> <span class='ocrx_word' id='word_1_174' title='bbox 1110 2775 1233 2840; x_wconf 85' lang='lat' dir='ltr'><strong>divitiis</strong></span> <span class='ocrx_word' id='word_1_175' title='bbox 1272 2784 1304 2837; x_wconf 89' lang='lat' dir='ltr'><strong>et</strong></span> 
     </span>
     <span class='ocr_line' id='line_1_23' title="bbox 136 2877 1304 2964; baseline -0.003 -17"><span class='ocrx_word' id='word_1_176' title='bbox 136 2883 305 2948; x_wconf 80' lang='lat' dir='ltr'><strong>nobilitsta</strong></span> <span class='ocrx_word' id='word_1_177' title='bbox 335 2897 473 2964; x_wconf 78' lang='lat' dir='ltr'><strong>magnus</strong></span> <span class='ocrx_word' id='word_1_178' title='bbox 515 2877 599 2944; x_wconf 82' lang='lat' dir='ltr'><strong>dues</strong></span> <span class='ocrx_word' id='word_1_179' title='bbox 638 2889 744 2944; x_wconf 83' lang='lat' dir='ltr'><strong>terrae</strong></span> <span class='ocrx_word' id='word_1_180' title='bbox 774 2879 960 2963; x_wconf 83' lang='lat' dir='ltr'><strong>pertransiit</strong></span> <span class='ocrx_word' id='word_1_181' title='bbox 1010 2884 1045 2941; x_wconf 87' lang='lat' dir='ltr'><strong>el</strong></span> <span class='ocrx_word' id='word_1_182' title='bbox 1073 2887 1210 2942; x_wconf 88' lang='lat' dir='ltr'><strong>cunctos</strong></span> <span class='ocrx_word' id='word_1_183' title='bbox 1244 2896 1304 2943; x_wconf 87' lang='lat' dir='ltr'><strong>suo</strong></span> 
     </span>
     <span class='ocr_line' id='line_1_24' title="bbox 135 2981 1305 3065; baseline -0.004 -12"><span class='ocrx_word' id='word_1_184' title='bbox 135 2987 280 3054; x_wconf 87' lang='lat' dir='ltr'><strong>dominio</strong></span> <span class='ocrx_word' id='word_1_185' title='bbox 307 2985 468 3065; x_wconf 81' lang='lat' dir='ltr'><strong>subdidit,</strong></span> <span class='ocrx_word' id='word_1_186' title='bbox 500 3003 562 3048; x_wconf 90' lang='lat' dir='ltr'><strong>nec</strong></span> <span class='ocrx_word' id='word_1_187' title='bbox 586 2994 699 3049; x_wconf 82' lang='lat' dir='ltr'><strong>tamen</strong></span> <span class='ocrx_word' id='word_1_188' title='bbox 724 2986 775 3048; x_wconf 90' lang='lat' dir='ltr'><strong>sic</strong></span> <span class='ocrx_word' id='word_1_189' title='bbox 802 2991 974 3048; x_wconf 88' lang='lat' dir='ltr'><strong>contentus</strong></span> <span class='ocrx_word' id='word_1_190' title='bbox 1003 2983 1110 3061; x_wconf 87' lang='lat' dir='ltr'><strong>stetit,</strong></span> <span class='ocrx_word' id='word_1_191' title='bbox 1144 2981 1204 3048; x_wconf 89' lang='lat' dir='ltr'><strong>sed</strong></span> <span class='ocrx_word' id='word_1_192' title='bbox 1225 2999 1305 3048; x_wconf 77' lang='lat' dir='ltr'><strong>satos</strong></span> 
     </span>
     <span class='ocr_line' id='line_1_25' title="bbox 136 3087 1303 3172; baseline -0.004 -15"><span class='ocrx_word' id='word_1_193' title='bbox 136 3093 293 3157; x_wconf 81' lang='lat' dir='ltr'><strong>terminos</strong></span> <span class='ocrx_word' id='word_1_194' title='bbox 316 3092 412 3154; x_wconf 83' lang='lat' dir='ltr'><strong>etlam</strong></span> <span class='ocrx_word' id='word_1_195' title='bbox 435 3097 527 3153; x_wconf 87' lang='lat' dir='ltr'><strong>extra</strong></span> <span class='ocrx_word' id='word_1_196' title='bbox 547 3087 658 3153; x_wconf 87' lang='lat' dir='ltr'><strong>mundi</strong></span> <span class='ocrx_word' id='word_1_197' title='bbox 678 3089 776 3153; x_wconf 87' lang='lat' dir='ltr'><strong>istius</strong></span> <span class='ocrx_word' id='word_1_198' title='bbox 796 3089 880 3152; x_wconf 87' lang='lat' dir='ltr'><strong>lines</strong></span> <span class='ocrx_word' id='word_1_199' title='bbox 901 3097 1046 3153; x_wconf 74' lang='lat' dir='ltr'><strong>statuere</strong></span> <span class='ocrx_word' id='word_1_200' title='bbox 1066 3089 1239 3172; x_wconf 62' lang='lat' dir='ltr'><strong>cogitarim</strong></span> <span class='ocrx_word' id='word_1_201' title='bbox 1270 3099 1303 3152; x_wconf 93' lang='lat' dir='ltr'><strong>et</strong></span> 
     </span>
     <span class='ocr_line' id='line_1_26' title="bbox 136 3193 1303 3279; baseline -0.003 -17"><span class='ocrx_word' id='word_1_202' title='bbox 136 3199 184 3262; x_wconf 82' lang='lat' dir='ltr'><strong>ita</strong></span> <span class='ocrx_word' id='word_1_203' title='bbox 204 3197 247 3261; x_wconf 89' lang='lat' dir='ltr'><strong>de</strong></span> <span class='ocrx_word' id='word_1_204' title='bbox 276 3195 423 3279; x_wconf 88' lang='lat' dir='ltr'><strong>pluribus</strong></span> <span class='ocrx_word' id='word_1_205' title='bbox 453 3194 528 3260; x_wconf 85' lang='lat' dir='ltr'><strong>alils</strong></span> <span class='ocrx_word' id='word_1_206' title='bbox 551 3193 707 3278; x_wconf 62' lang='lat' dir='ltr'><strong>legium,</strong></span> <span class='ocrx_word' id='word_1_207' title='bbox 729 3195 785 3278; x_wconf 87' lang='lat' dir='ltr'><strong>qui</strong></span> <span class='ocrx_word' id='word_1_208' title='bbox 805 3195 875 3258; x_wconf 90' lang='lat' dir='ltr'><strong>suis</strong></span> <span class='ocrx_word' id='word_1_209' title='bbox 896 3194 1041 3258; x_wconf 85' lang='lat' dir='ltr'><strong>terminis</strong></span> <span class='ocrx_word' id='word_1_210' title='bbox 1066 3211 1132 3260; x_wconf 88' lang='lat' dir='ltr'><strong>non</strong></span> <span class='ocrx_word' id='word_1_211' title='bbox 1160 3197 1303 3258; x_wconf 85' lang='lat' dir='ltr'><strong>contenti</strong></span> 
     </span>
     <span class='ocr_line' id='line_1_27' title="bbox 135 3297 1301 3384; baseline -0.003 -18"><span class='ocrx_word' id='word_1_212' title='bbox 135 3302 179 3366; x_wconf 85' lang='lat' dir='ltr'><strong>ad</strong></span> <span class='ocrx_word' id='word_1_213' title='bbox 199 3315 318 3384; x_wconf 58' lang='lat' dir='ltr'><strong>mam</strong></span> <span class='ocrx_word' id='word_1_214' title='bbox 337 3311 377 3363; x_wconf 87' lang='lat' dir='ltr'><strong>se</strong></span> <span class='ocrx_word' id='word_1_215' title='bbox 397 3297 624 3364; x_wconf 82' lang='lat' dir='ltr'><strong>extenderunt.</strong></span> <span class='ocrx_word' id='word_1_216' title='bbox 667 3301 705 3362; x_wconf 92' lang='lat' dir='ltr'><strong>ln</strong></span> <span class='ocrx_word' id='word_1_217' title='bbox 734 3299 852 3364; x_wconf 85' lang='lat' dir='ltr'><strong>talibus</strong></span> <span class='ocrx_word' id='word_1_218' title='bbox 872 3307 980 3361; x_wconf 85' lang='lat' dir='ltr'><strong>autem</strong></span> <span class='ocrx_word' id='word_1_219' title='bbox 1002 3299 1104 3380; x_wconf 88' lang='lat' dir='ltr'><strong>quieti</strong></span> <span class='ocrx_word' id='word_1_220' title='bbox 1136 3319 1200 3362; x_wconf 94' lang='lat' dir='ltr'><strong>non</strong></span> <span class='ocrx_word' id='word_1_221' title='bbox 1221 3319 1301 3383; x_wconf 91' lang='lat' dir='ltr'><strong>par-</strong></span> 
     </span>
     <span class='ocr_line' id='line_1_28' title="bbox 134 3400 1304 3490; baseline -0.003 -19"><span class='ocrx_word' id='word_1_222' title='bbox 134 3410 239 3490; x_wconf 85' lang='lat' dir='ltr'><strong>citur,</strong></span> <span class='ocrx_word' id='word_1_223' title='bbox 260 3421 322 3468; x_wconf 89' lang='lat' dir='ltr'><strong>nee</strong></span> <span class='ocrx_word' id='word_1_224' title='bbox 338 3421 451 3468; x_wconf 85' lang='lat' dir='ltr'><strong>somno</strong></span> <span class='ocrx_word' id='word_1_225' title='bbox 473 3409 602 3485; x_wconf 86' lang='lat' dir='ltr'><strong>tempus</strong></span> <span class='ocrx_word' id='word_1_226' title='bbox 624 3403 733 3490; x_wconf 87' lang='lat' dir='ltr'><strong>datur,</strong></span> <span class='ocrx_word' id='word_1_227' title='bbox 754 3404 814 3470; x_wconf 87' lang='lat' dir='ltr'><strong>sed</strong></span> <span class='ocrx_word' id='word_1_228' title='bbox 835 3401 998 3469; x_wconf 87' lang='lat' dir='ltr'><strong>continuis</strong></span> <span class='ocrx_word' id='word_1_229' title='bbox 1018 3400 1135 3466; x_wconf 89' lang='lat' dir='ltr'><strong>studiis</strong></span> <span class='ocrx_word' id='word_1_230' title='bbox 1156 3405 1304 3487; x_wconf 71' lang='lat' dir='ltr'><strong>mugnis-</strong></span> 
     </span>
     <span class='ocr_line' id='line_1_29' title="bbox 133 3503 1301 3596; baseline -0.003 -23"><span class='ocrx_word' id='word_1_231' title='bbox 133 3529 201 3596; x_wconf 76' lang='lat' dir='ltr'><strong>qna</strong></span> <span class='ocrx_word' id='word_1_232' title='bbox 233 3507 396 3573; x_wconf 84' lang='lat' dir='ltr'><strong>laboribus</strong></span> <span class='ocrx_word' id='word_1_233' title='bbox 427 3505 606 3574; x_wconf 83' lang='lat' dir='ltr'><strong>insudatur.</strong></span> <span class='ocrx_word' id='word_1_234' title='bbox 655 3505 797 3589; x_wconf 87' lang='lat' dir='ltr'><strong>Verum,</strong></span> <span class='ocrx_word' id='word_1_235' title='bbox 827 3515 865 3570; x_wconf 87' lang='lat' dir='ltr'><strong>ut</strong></span> <span class='ocrx_word' id='word_1_236' title='bbox 891 3503 934 3570; x_wconf 90' lang='lat' dir='ltr'><strong>de</strong></span> <span class='ocrx_word' id='word_1_237' title='bbox 965 3506 1126 3571; x_wconf 87' lang='lat' dir='ltr'><strong>nobilibus</strong></span> <span class='ocrx_word' id='word_1_238' title='bbox 1157 3507 1301 3572; x_wconf 88' lang='lat' dir='ltr'><strong>moderni</strong></span> 
     </span>
     <span class='ocr_line' id='line_1_30' title="bbox 133 3609 1301 3698; baseline -0.003 -19"><span class='ocrx_word' id='word_1_239' title='bbox 133 3615 292 3698; x_wconf 83' lang='lat' dir='ltr'><strong>temporis</strong></span> <span class='ocrx_word' id='word_1_240' title='bbox 313 3609 489 3678; x_wconf 85' lang='lat' dir='ltr'><strong>reddantur</strong></span> <span class='ocrx_word' id='word_1_241' title='bbox 508 3611 675 3693; x_wconf 85' lang='lat' dir='ltr'><strong>exempla,</strong></span> <span class='ocrx_word' id='word_1_242' title='bbox 695 3611 906 3694; x_wconf 85' lang='lat' dir='ltr'><strong>inspiciamus</strong></span> <span class='ocrx_word' id='word_1_243' title='bbox 927 3611 1103 3694; x_wconf 79' lang='lat' dir='ltr'><strong>gloriosum</strong></span> <span class='ocrx_word' id='word_1_244' title='bbox 1123 3615 1301 3676; x_wconf 84' lang='lat' dir='ltr'><strong>exercitum</strong></span> 
     </span>
     <span class='ocr_line' id='line_1_31' title="bbox 132 3715 1301 3802; baseline 0.003 -23"><span class='ocrx_word' id='word_1_245' title='bbox 132 3716 289 3780; x_wconf 85' lang='lat' dir='ltr'><strong>nobilium</strong></span> <span class='ocrx_word' id='word_1_246' title='bbox 310 3717 550 3802; x_wconf 79' lang='lat' dir='ltr'><strong>peregrinorum</strong></span> <span class='ocrx_word' id='word_1_247' title='bbox 572 3725 754 3780; x_wconf 86' lang='lat' dir='ltr'><strong>nostrorum</strong></span> <span class='ocrx_word' id='word_1_248' title='bbox 779 3715 847 3799; x_wconf 81' lang='lat' dir='ltr'><strong>jam</strong></span> <span class='ocrx_word' id='word_1_249' title='bbox 878 3718 1090 3781; x_wconf 84' lang='lat' dir='ltr'><strong>sacramentis</strong></span> <span class='ocrx_word' id='word_1_250' title='bbox 1110 3717 1301 3782; x_wconf 83' lang='lat' dir='ltr'><strong>militaribus</strong></span> 
     </span>
     <span class='ocr_line' id='line_1_32' title="bbox 132 3819 1300 3906; baseline 0.004 -24"><span class='ocrx_word' id='word_1_251' title='bbox 132 3819 345 3903; x_wconf 79' lang='lat' dir='ltr'><strong>adornatum,</strong></span> <span class='ocrx_word' id='word_1_252' title='bbox 376 3821 434 3906; x_wconf 84' lang='lat' dir='ltr'><strong>qui</strong></span> <span class='ocrx_word' id='word_1_253' title='bbox 464 3819 593 3905; x_wconf 85' lang='lat' dir='ltr'><strong>quidem</strong></span> <span class='ocrx_word' id='word_1_254' title='bbox 626 3826 778 3902; x_wconf 83' lang='lat' dir='ltr'><strong>poteraut</strong></span> <span class='ocrx_word' id='word_1_255' title='bbox 810 3821 845 3884; x_wconf 90' lang='lat' dir='ltr'><strong>iu</strong></span> <span class='ocrx_word' id='word_1_256' title='bbox 876 3823 946 3885; x_wconf 84' lang='lat' dir='ltr'><strong>suis</strong></span> <span class='ocrx_word' id='word_1_257' title='bbox 989 3823 1135 3905; x_wconf 88' lang='lat' dir='ltr'><strong>proprlis&#39;</strong></span> <span class='ocrx_word' id='word_1_258' title='bbox 1157 3825 1300 3906; x_wconf 84' lang='lat' dir='ltr'><strong>urbibus,</strong></span> 
     </span>
     <span class='ocr_line' id='line_1_33' title="bbox 133 3923 1300 4013; baseline 0.004 -24"><span class='ocrx_word' id='word_1_259' title='bbox 133 3925 339 4009; x_wconf 64' lang='lat' dir='ltr'><strong>ciuitatibus,</strong></span> <span class='ocrx_word' id='word_1_260' title='bbox 360 3923 505 4010; x_wconf 85' lang='lat' dir='ltr'><strong>oppidis,</strong></span> <span class='ocrx_word' id='word_1_261' title='bbox 527 3925 662 4008; x_wconf 87' lang='lat' dir='ltr'><strong>castris,</strong></span> <span class='ocrx_word' id='word_1_262' title='bbox 690 3924 777 3988; x_wconf 87' lang='lat' dir='ltr'><strong>villis</strong></span> <span class='ocrx_word' id='word_1_263' title='bbox 799 3935 832 3989; x_wconf 86' lang='lat' dir='ltr'><strong>et</strong></span> <span class='ocrx_word' id='word_1_264' title='bbox 852 3925 994 4009; x_wconf 87' lang='lat' dir='ltr'><strong>praediis</strong></span> <span class='ocrx_word' id='word_1_265' title='bbox 1015 3925 1149 3991; x_wconf 88' lang='lat' dir='ltr'><strong>allluere</strong></span> <span class='ocrx_word' id='word_1_266' title='bbox 1168 3930 1300 4013; x_wconf 88' lang='lat' dir='ltr'><strong>divitiis,</strong></span> 
     </span>
     <span class='ocr_line' id='line_1_34' title="bbox 133 4027 1301 4114; baseline 0.003 -22"><span class='ocrx_word' id='word_1_267' title='bbox 133 4027 182 4092; x_wconf 84' lang='lat' dir='ltr'><strong>uti</strong></span> <span class='ocrx_word' id='word_1_268' title='bbox 211 4027 358 4112; x_wconf 88' lang='lat' dir='ltr'><strong>deliciis,</strong></span> <span class='ocrx_word' id='word_1_269' title='bbox 389 4040 423 4093; x_wconf 84' lang='lat' dir='ltr'><strong>et</strong></span> <span class='ocrx_word' id='word_1_270' title='bbox 451 4047 524 4094; x_wconf 86' lang='lat' dir='ltr'><strong>eum</strong></span> <span class='ocrx_word' id='word_1_271' title='bbox 556 4032 667 4113; x_wconf 87' lang='lat' dir='ltr'><strong>quiete</strong></span> <span class='ocrx_word' id='word_1_272' title='bbox 697 4029 760 4092; x_wconf 87' lang='lat' dir='ltr'><strong>lrni</strong></span> <span class='ocrx_word' id='word_1_273' title='bbox 792 4029 937 4114; x_wconf 83' lang='lat' dir='ltr'><strong>placitis,</strong></span> <span class='ocrx_word' id='word_1_274' title='bbox 972 4040 1004 4094; x_wconf 91' lang='lat' dir='ltr'><strong>et</strong></span> <span class='ocrx_word' id='word_1_275' title='bbox 1026 4031 1111 4097; x_wconf 86' lang='lat' dir='ltr'><strong>ludis</strong></span> <span class='ocrx_word' id='word_1_276' title='bbox 1141 4037 1301 4100; x_wconf 87' lang='lat' dir='ltr'><strong>interesse</strong></span> 
     </span>
    </p>
   </div>
   <div class='ocr_carea' id='block_1_7' title="bbox 4 4125 1385 4220">
    <p class='ocr_par' dir='ltr' id='par_1_7' title="bbox 4 4125 1385 4220">
     <span class='ocr_line' id='line_1_35' title="bbox 4 4125 1385 4220; baseline 0 -22"><span class='ocrx_word' id='word_1_277' title='bbox 4 4125 5 4130; x_wconf 62' lang='grc'>’</span> <span class='ocrx_word' id='word_1_278' title='bbox 130 4131 300 4215; x_wconf 81' lang='lat' dir='ltr'><strong>jocundis,</strong></span> <span class='ocrx_word' id='word_1_279' title='bbox 341 4139 374 4195; x_wconf 84' lang='lat' dir='ltr'><strong>et</strong></span> <span class='ocrx_word' id='word_1_280' title='bbox 399 4135 558 4197; x_wconf 88' lang='lat' dir='ltr'><strong>assistere</strong></span> <span class='ocrx_word' id='word_1_281' title='bbox 587 4134 783 4197; x_wconf 88' lang='lat' dir='ltr'><strong>theatrorum</strong></span> <span class='ocrx_word' id='word_1_282' title='bbox 813 4137 1029 4220; x_wconf 82' lang='lat' dir='ltr'><strong>spectaculis,</strong></span> <span class='ocrx_word' id='word_1_283' title='bbox 1069 4147 1102 4202; x_wconf 87' lang='lat' dir='ltr'><strong>et</strong></span> <span class='ocrx_word' id='word_1_284' title='bbox 1143 4140 1299 4203; x_wconf 83' lang='lat' dir='ltr'><strong>animosis</strong></span> <span class='ocrx_word' id='word_1_285' title='bbox 1382 4165 1385 4175; x_wconf 88' lang='lat'><strong>·</strong></span> 
     </span>
    </p>
   </div>
   <div class='ocr_carea' id='block_1_8' title="bbox 131 4235 1299 4429">
    <p class='ocr_par' dir='ltr' id='par_1_8' title="bbox 131 4235 1299 4429">
     <span class='ocr_line' id='line_1_36' title="bbox 133 4235 1299 4327; baseline 0.003 -29"><span class='ocrx_word' id='word_1_286' title='bbox 133 4237 438 4321; x_wconf 82' lang='lat' dir='ltr'><strong>congressionibus,</strong></span> <span class='ocrx_word' id='word_1_287' title='bbox 468 4247 502 4302; x_wconf 88' lang='lat' dir='ltr'><strong>et</strong></span> <span class='ocrx_word' id='word_1_288' title='bbox 523 4235 724 4321; x_wconf 82' lang='lat' dir='ltr'><strong>hastiludiis,</strong></span> <span class='ocrx_word' id='word_1_289' title='bbox 760 4247 793 4302; x_wconf 88' lang='lat' dir='ltr'><strong>ct</strong></span> <span class='ocrx_word' id='word_1_290' title='bbox 814 4245 1064 4326; x_wconf 83' lang='lat' dir='ltr'><strong>torneamentis,</strong></span> <span class='ocrx_word' id='word_1_291' title='bbox 1095 4252 1243 4327; x_wconf 88' lang='lat' dir='ltr'><strong>poteraut</strong></span> <span class='ocrx_word' id='word_1_292' title='bbox 1265 4249 1299 4302; x_wconf 88' lang='lat' dir='ltr'><strong>et</strong></span> 
     </span>
     <span class='ocr_line' id='line_1_37' title="bbox 131 4339 1299 4429; baseline -0.001 -23"><span class='ocrx_word' id='word_1_293' title='bbox 131 4360 264 4425; x_wconf 86' lang='lat' dir='ltr'><strong>operam</strong></span> <span class='ocrx_word' id='word_1_294' title='bbox 285 4339 366 4405; x_wconf 89' lang='lat' dir='ltr'><strong>dare</strong></span> <span class='ocrx_word' id='word_1_295' title='bbox 386 4343 612 4411; x_wconf 76' lang='lat' dir='ltr'><strong>venenantur</strong></span> <span class='ocrx_word' id='word_1_296' title='bbox 639 4351 672 4408; x_wconf 88' lang='lat' dir='ltr'><strong>et</strong></span> <span class='ocrx_word' id='word_1_297' title='bbox 692 4343 976 4429; x_wconf 82' lang='lat' dir='ltr'><strong>chorisationihus,</strong></span> <span class='ocrx_word' id='word_1_298' title='bbox 996 4345 1051 4410; x_wconf 89' lang='lat' dir='ltr'><strong>vel</strong></span> <span class='ocrx_word' id='word_1_299' title='bbox 1071 4363 1204 4412; x_wconf 88' lang='lat' dir='ltr'><strong>manere</strong></span> <span class='ocrx_word' id='word_1_300' title='bbox 1225 4361 1299 4408; x_wconf 84' lang='lat' dir='ltr'><strong>cunr</strong></span> 
     </span>
    </p>
   </div>
   <div class='ocr_carea' id='block_1_9' title="bbox 0 0 1570 5206">
    <p class='ocr_par' dir='ltr' id='par_1_9' title="bbox 0 0 1570 5206">
     <span class='ocr_line' id='line_1_38' title="bbox 0 0 1570 5206; baseline 0 2"><span class='ocrx_word' id='word_1_301' title='bbox 0 0 1570 5206; x_wconf 95' lang='lat' dir='ltr'><strong> </strong></span> 
     </span>
    </p>
   </div>
  </div>
 </body>
</html>
