3212 5206
294 450 482 536 melnae,
503 451 536 514 in
558 469 623 534 qao
643 451 678 514 in
698 448 837 514 eollibu
858 457 1021 531 ponuntur
1040 450 1116 512 viae
1147 447 1245 510 rearis
1264 450 1361 532 sigua
1380 449 1469 532 lepl-

296 558 373 620 dum
391 555 527 637 errmnli3
559 573 643 637 quae
670 555 699 618 si
721 572 785 618 non
807 563 929 636 essent,
952 554 1073 616 multae
1090 571 1195 615 neves
1215 555 1370 617 montium
1392 555 1469 617 viss

291 661 518 744 ingredientes
556 658 670 741 syrtim
705 667 739 719 et
779 657 969 742 charybdim
1005 657 1194 722 inciderent.
1243 657 1304 722 sto
1341 667 1375 720 et
1412 659 1470 722 nto

298 763 390 828 multi
413 764 559 826 homiues
586 763 744 845 perirern,
766 765 796 826 si
817 763 871 826 illa
892 766 988 846 signa
1016 765 1051 824 in
1073 763 1235 826 montibus
1256 780 1322 826 non
1343 770 1468 826 aeaut.

296 865 713 933 VemrntamenSarracani
736 868 909 930 etArabes
929 868 1025 950 signa
1045 868 1109 930 ieta
1129 869 1227 928 etiarn
1249 868 1283 928 in
1303 868 1470 948 supersti-

294 977 405 1038 tiones
426 981 458 1034 et
480 972 602 1034 abusus
624 980 835 1053 convertunt,
866 980 993 1035 montes
1021 972 1106 1034 enim
1136 972 1237 1036 certis
1270 972 1471 1054 temporibus

292 1077 479 1140 ascendunt
508 1085 542 1138 et
571 1077 665 1159 juxta
689 1077 785 1159 ιίμιι
818 1077 1056 1140 machometem
1088 1077 1241 1139 invocant
1268 1085 1300 1138 et
1329 1077 1363 1136 ln
1394 1075 1469 1157 ejus

297 1183 451 1247 bonorem
474 1183 538 1243 ista
559 1182 655 1264 sigua
674 1181 834 1264 exaltant,
858 1197 932 1243 narn
953 1180 1102 1243 cumulus
1127 1179 1185 1242 ille
1206 1179 1322 1261 plenus
1343 1179 1469 1263 pende-

298 1289 355 1350 bat
375 1285 557 1368 panniculis
579 1295 611 1348 et
631 1286 768 1369 peciolis
790 1286 994 1348 camisiarum
1016 1293 1051 1347 et
1071 1285 1349 1348 vestimentorum.
1392 1285 1470 1348 letis

298 1393 385 1454 enim
408 1389 622 1473 scientiaea,
648 1391 816 1474 inquibus
838 1388 962 1474 aliquid
982 1389 1128 1452 &vinum
1150 1407 1226 1452 esse
1252 1397 1386 1471 putant,
1408 1389 1472 1452 lra-

299 1513 435 1576 norare,
456 1501 492 1555 ut
513 1503 602 1576 patet
622 1512 720 1576 snpra
751 1494 868 1558 iclrtlss
888 1495 928 1556 lv.
970 1493 1058 1557 Nam
1079 1492 1157 1558 dum
1189 1495 1263 1577 quis
1292 1494 1468 1556 oraticttear

297 1597 428 1679 linit,a
457 1599 662 1661 vestimentis
683 1599 753 1660 suis
781 1597 939 1680 peciolam
977 1597 1130 1681 discerpit
1169 1615 1306 1682 eamque
1325 1598 1371 1660 ibi
1392 1615 1469 1660 sus-

300 1700 412 1784 pendit
433 1711 464 1764 et
486 1703 586 1766 vadit.
629 1701 739 1766 Causa
768 1702 857 1765 illins
885 1701 977 1773 stulti
1010 1704 1091 1766 ritus
1121 1703 1250 1785 ponitur
1271 1701 1326 1766 iol.
1357 1701 1402 1766 bb
1425 1715 1463 1766 a.

303 1805 436 1888 Arripni
458 1825 535 1890 ergo
556 1808 747 1890 panniculos
777 1816 810 1869 et
829 1807 973 1889 pociolos
994 1815 1030 1868 et
1060 1809 1167 1870 omnia
1187 1806 1230 1870 de
1250 1805 1412 1888 lapidibus
1435 1806 1469 1868 in

299 1919 419 1974 terram
440 1912 574 1994 projeci·
592 1922 625 1976 et
647 1930 765 1978 cruces
786 1914 937 1995 apposui,
967 1914 1001 1975 in
1021 1913 1206 1975 summitate
1237 1929 1317 1973 vcro
1348 1909 1469 1974 cumuli

300 2000 428 2078 crucem
452 2016 494 2079 de
514 2017 672 2080 arundine
691 2018 809 2080 iactam
831 2016 938 2079 locavi
963 2026 996 2079 et
1016 2035 1115 2100 super
1136 2017 1220 2080 ntes
1248 2015 1372 2098 lapides
1393 2033 1471 2078 cru·

300 2135 359 2182 ces
387 2137 460 2183 cnm
493 2121 566 2184 aliis
597 2124 702 2185 acutis
738 2120 896 2204 lapidibus
933 2120 1080 2203 depinxi,
1112 2139 1233 2184 memor
1263 2120 1471 2184 exaltationis

298 2233 435 2288 sanctae
455 2229 578 2309 crucis,
600 2246 684 2312 quae
705 2237 774 2290 erat
795 2225 851 2288 illo
872 2226 936 2306 die,
953 2234 990 2288 ιιι
1011 2226 1130 2309 pegeni
1151 2225 1367 2290 ascendeutes
1389 2227 1471 2288 titu-

300 2327 365 2391 lum
389 2328 512 2394 Christi
532 2333 577 2394 ibi
597 2334 779 2395 invenirent
808 2340 841 2394 et
863 2330 1064 2395 Christianos
1085 2332 1129 2394 ibi
1150 2331 1255 2396 inisse
1285 2331 1470 2414 depreben—
1601 2349 1605 2360 ·

292 2432 439 2496 derant,

285 2533 287 2536 ’
383 2538 464 2602 Post
492 2539 554 2601 lroc
592 2555 664 2603 ιιιιιιι
706 2539 907 2604 descendere
941 2540 1075 2620 vellem,
1112 2541 1243 2604 acutiam
1274 2539 1381 2602 visum
1411 2555 1471 2621 per

301 2659 449 2726 campum
472 2642 569 2724 duxi,
605 2651 642 2706 ut
663 2646 801 2707 tentoria
822 2654 933 2708 nostra
965 2644 1108 2708 viderem
1129 2653 1162 2707 et
1184 2661 1334 2727 guum
1365 2661 1471 2706 roman

301 2746 343 2810 ad
365 2765 406 2810 ea
429 2747 617 2830 dirigerem,
651 2749 711 2812 sed
733 2749 811 2812 nihil
840 2749 953 2812 videre
978 2751 1069 2830 potui
1090 2767 1151 2811 nec
1183 2747 1306 2812 iirmnro
1334 2750 1374 2810 ab
1396 2749 1472 2830 igne

302 2860 413 2916 inostro
435 2862 470 2914 et
490 2870 569 2935 prae
589 2855 740 2936 augustia
771 2864 909 2918 tremere
946 2854 1039 2936 coepi
1076 2855 1210 2934 timeus,
1242 2871 1283 2915 ne
1305 2853 1388 2915 iorte
1414 2871 1473 2935 per

295 2957 392 3020 invia
413 2956 531 3021 illaad
553 2959 662 3022 socios
683 2978 747 3023 uon
773 2961 888 3023 scirem
917 2962 1007 3022 viam
1040 2966 1073 3020 et
1104 2957 1299 3046 declinarem
1333 2957 1397 3020 buc
1417 2957 1472 3020 vel

302 3060 382 3123 illuc
404 3061 540 3124 errando
571 3071 603 3126 et
625 3066 778 3128 tenebrae
810 3065 915 3127 arcetis
946 3082 999 3126 me
1028 3062 1353 3145 comprehenderent,
1383 3062 1473 3145 quia,

302 3164 432 3247 siquid
464 3166 575 3236 lacrum
607 3167 800 3249 accidisset,
829 3168 915 3231 tilius
948 3169 1059 3230 mortis
1085 3167 1230 3230 fuissem.
1267 3167 1342 3230 Hoc
1362 3173 1471 3230 aaron

302 3268 407 3338 solum
430 3271 657 3334 consolabatur
677 3291 738 3355 me,
758 3275 834 3356 quia
855 3291 913 3355 per
933 3289 1064 3334 arenam
1084 3274 1295 3334 trarrsiverern
1313 3281 1345 3334 et
1366 3273 1472 3335 vesti-

301 3373 356 3456 gia
388 3375 632 3459 impresseram,
670 3395 754 3461 qnae
784 3376 954 3457 sperabam
982 3395 1034 3437 me
1061 3385 1257 3438 secuturum.
1308 3375 1472 3439 Ducendi

302 3496 381 3560 ergo
403 3487 437 3540 et
456 3479 490 3541 in
512 3480 594 3560 pede
614 3482 732 3544 montis
753 3480 895 3562 vestigia
916 3477 1044 3561 quiden
1063 3497 1135 3542 mea
1155 3481 1348 3563 inveni,sed
1368 3499 1473 3562 praue
1568 3565 1571 3570 Ι

303 3583 474 3664 obvoluta,
507 3587 627 3646 vontus
659 3583 743 3646 enim
776 3603 816 3648 ea
844 3586 1010 3647 obtexerat
1037 3584 1120 3646 etsi
1150 3585 1216 3666 (b)
1238 3585 1279 3648 ad
1311 3585 1471 3650 modicum

300 3695 433 3772 'tempus
464 3689 538 3772 plns
570 3689 604 3752 in
631 3696 741 3752 monte
775 3689 978 3771 tardassem,
1012 3689 1153 3752 totaliter
1190 3692 1331 3774 vestigia
1361 3700 1473 3774 operta

304 3793 444 3856 inissent
475 3803 508 3856 et
529 3810 592 3876 ego
613 3813 671 3877 pro
692 3799 781 3858 certo
803 3771 893 3858 vilae
915 3812 1008 3856 meae
1035 3811 1127 3877 spem
1157 3795 1359 3878 amisissem,
1390 3793 1473 3859 adeo

303 3900 388 3962 enirn
423 3917 509 3962 eram
540 3899 716 3982 alienatus,
751 3898 837 3981 qnod
869 3898 910 3961 ad
942 3918 1037 3982 qnam
1069 3899 1200 3981 plagam
1231 3918 1284 3963 me
1313 3909 1471 3963 verterem

304 4005 468 4086 moravi,
493 4005 568 4086 quia
587 4004 722 4088 grandis
742 4005 893 4087 planities
914 4004 974 4066 snb
997 4011 1106 4067 moute
1128 4005 1204 4085 init,
1224 4005 1257 4066 in
1278 4023 1346 4087 qna
1365 4013 1473 4068 tamea

304 4107 396 4172 multi
418 4125 557 4190 aggeres
584 4128 754 4172 arenarum
776 4120 867 4173 eraut
889 4119 922 4172 et
943 4109 1080 4172 cumulis
1110 4118 1195 4172 terra
1215 4119 1381 4173 tumorosa
1401 4109 1471 4174 init.

304 4213 448 4276 Secutus
469 4231 547 4296 ergo
569 4213 615 4276 ini
642 4231 714 4276 mea
740 4215 883 4297 vestigia
904 4212 944 4276 ad
967 4212 1096 4298 aliquod
1125 4216 1286 4297 spatium,
1318 4213 1378 4278 sed
1399 4213 1473 4276 durs

304 4318 339 4380 in
359 4317 507 4382 altiorem
528 4328 633 4382 terrae
652 4320 749 4382 sitnm
770 4323 946 4404 venissem,
965 4323 1093 4404 penitus
1115 4320 1223 4384 deleta
1243 4326 1346 4400 aaut,
1359 4337 1421 4382 neo
1434 4333 1476 4381 ea
