3204 5216
853 261 981 330 tati.

298 443 433 508 visitare
464 442 601 508 lectum·
632 442 692 508 Sin
726 462 804 529 ergo
838 442 955 527 (111)
966 443 1021 527 Δ)
1053 443 1104 508 vir
1136 461 1157 507 a
1187 442 1281 506 nobis
1318 441 1466 506 mocesit.

298 549 448 632 Vespere
471 548 559 611 fecto
589 551 855 631 exspectavimus
885 552 979 634 quasi
1008 546 1177 632 usquead
1202 547 1283 610 solis
1302 563 1466 629 mesum,

176 697 179 704 -
298 653 526 734 aestimantes,
549 641 635 734 cuod
656 653 708 716 vir
740 654 834 717 nobis
854 653 1022 718 illusisset.
1066 653 1135 720 Sed
1154 669 1252 733 moe,
1282 644 1370 718 illins
1391 652 1465 734 ejus

296 756 402 840 Abre,
438 756 521 820 forte
542 756 623 820 iiiii
644 773 818 841 annorum,
851 760 942 825 venit
963 777 1037 822 cum
1058 777 1123 822 nno
1146 756 1265 820 famulo
1284 755 1327 818 ed
1347 774 1407 820 nos
1428 755 1466 818 iu

296 870 437 926 montem
460 859 552 944 Syon
581 869 614 924 et
637 860 729 925 donit
761 880 822 928 uos
840 883 899 947 per
918 865 1011 928 vicos
1031 862 1182 927 occultos
1197 859 1382 925 Jerusalem
1403 877 1465 922 ns-

297 986 361 1050 que
383 966 424 1031 ad
445 975 571 1048 portem
588 966 763 1050 Ephraim,
789 986 875 1051 qnae
908 977 961 1032 est
981 975 1074 1050 porta
1105 965 1141 1027 S.
1163 964 1338 1048 Stephani,
1369 973 1400 1027 et
1421 959 1466 1028 ad

266 1082 270 1090 '
297 1071 490 1152 ecclesiam,
522 1088 607 1152 quae
638 1071 702 1133 iam
724 1080 777 1134 est
801 1073 975 1155 Mamerie,
1012 1074 1171 1136 venimus
1214 1068 1289 1148 Que
1320 1076 1468 1133 reserate

280 1175 489 1238 'muscheom
510 1175 650 1258 ingressi
671 1193 786 1239 sumus
825 1174 920 1246 etde
945 1177 1084 1241 ecclesia
1104 1179 1138 1240 in
1166 1177 1320 1240 ambitum
1341 1173 1465 1236 transl-

299 1281 418 1343 vimus.
450 1278 502 1341 Ad
525 1279 612 1340 latus
635 1287 743 1342 antem
771 1280 931 1343 ecclesiae
955 1289 1007 1343 est
1024 1299 1089 1343 nna
1107 1281 1254 1344 fenestra
1275 1296 1373 1361 snper
1394 1286 1466 1340 ter-

301 1401 381 1464 ram,
403 1384 489 1445 sicut
511 1382 674 1472 fenestrae
694 1384 946 1448 habitaculorum
957 1425 970 1462 ,
1002 1387 1174 1468 inquibus
1196 1393 1368 1467 operantur
1390 1391 1466 1445 tex-

298 1496 406 1568 tores,
436 1487 490 1548 vel
513 1490 598 1550 sicut
628 1495 706 1551 sunt
729 1488 893 1551 fenestrae
914 1488 1136 1574 cellariorum,
1167 1509 1225 1573 per
1246 1505 1328 1571 quas
1355 1486 1466 1548 lumen

297 1600 331 1653 et
355 1609 411 1653 aer
432 1590 619 1673 ingreditur.
661 1592 703 1654 iit
724 1611 784 1675 per
811 1593 899 1656 illam
933 1594 1111 1658 fenestram
1139 1603 1190 1656 est
1224 1594 1394 1676 ingressus
1422 1587 1465 1652 ad

297 1692 405 1758 locum
427 1695 608 1759 nativitatis
626 1696 743 1759 beatae
763 1695 930 1780 Virginis,
953 1701 1030 1780 quie
1051 1700 1170 1762 ostium
1193 1707 1345 1780 cryptae,
1379 1691 1466 1776 qnod

299 1786 371 1862 eret
386 1801 425 1880 iu
445 1799 597 1883 ecclesia,
611 1800 842 1864 obstruxerunt
862 1801 1025 1885 infideles,
1047 1803 1124 1885 quia
1146 1801 1187 1864 de
1209 1802 1280 1865 loeo
1301 1801 1356 1864 illo
1378 1798 1466 1862 nulla

296 1912 346 1964 est
368 1903 416 1965 eis
441 1921 528 1976 cura.
561 1903 654 1968 Unus
675 1923 755 1988 ergo
775 1909 968 1990 peregrinus
989 1906 1126 1990 pedibus
1147 1907 1250 1989 primo
1271 1904 1466 1968 intromissis

295 2007 329 2096 in
350 2007 525 2070 fenestram
541 2008 690 2072 deorsum
710 2011 743 2072 iu
763 2020 910 2094 cryptam
932 2030 971 2074 se
992 2011 1124 2094 dimisit,
1139 2014 1193 2095 qui
1210 2012 1345 2074 inferius
1361 2009 1464 2089 stetit,

295 2120 329 2175 et
351 2111 489 2196 siugulis
510 2132 568 2195 pro
589 2115 680 2177 scale
702 2114 778 2198 fnit,
813 2117 925 2180 hebuit
945 2118 1030 2180 enim
1056 2135 1171 2179 manus
1192 2124 1318 2178 erectas
1341 2113 1381 2176 ad
1402 2130 1465 2195 pa·

294 2217 423 2298 rietem,
457 2223 490 2277 et
511 2214 710 2282 descendere
730 2219 847 2282 volens
868 2222 970 2303 primo
1000 2220 1102 2304 pedes
1123 2221 1231 2304 posuit
1256 2207 1355 2300 super
1384 2234 1463 2280 suas

295 2337 427 2406 manns,
459 2329 492 2383 et
512 2320 589 2384 inde
610 2323 707 2385 allum
729 2322 845 2405 pedem
866 2341 967 2407 super
987 2334 1101 2408 caput,
1132 2325 1187 2387 vel
1208 2324 1359 2386 humeros
1381 2320 1463 2404 ejus,

197 2503 200 2508 Ι
295 2433 328 2487 et
352 2424 394 2487 tle
414 2424 558 2488 humeris
580 2427 765 2490 resiliebant
786 2430 820 2490 iu
841 2435 979 2512 terram,
1001 2434 1036 2492 et
1056 2430 1102 2492 ita
1122 2447 1236 2492 omues
1256 2445 1354 2511 snper
1373 2425 1464 2488 illurn

294 2519 516 2612 peregrinum,
549 2528 604 2611 qui
626 2539 695 2592 crat
716 2529 810 2592 miles
832 2533 970 2614 insignis
999 2551 1140 2618 genere,
1178 2531 1406 2596 descendimus
1429 2529 1465 2592 in

295 2632 420 2716 locum,
452 2641 485 2695 et
506 2636 656 2696 accensis
684 2633 845 2718 candelis,
878 2636 954 2719 qnia
976 2640 1180 2702 tenebrosum
1208 2645 1295 2720 erat,
1328 2634 1465 2698 circuire

293 2737 484 2820 incepimus.
528 2735 689 2800 Venimus
709 2747 816 2802 antem
850 2740 883 2801 in
906 2759 1003 2804 unum
1025 2759 1176 2826 specum,
1206 2743 1324 2822 inquo
1353 2738 1465 2802 dicunt

294 2844 395 2926 primo
426 2842 529 2905 fnisse
560 2841 706 2924 sepultos
739 2842 890 2907 Joachim
922 2854 954 2907 et
984 2845 1133 2929 Annam,
1165 2855 1317 2927 porentos¹
1348 2843 1464 2906 beatae

216 2989 224 3002 .
294 2947 442 3030 Virginis
463 2946 597 3009 Mariae
632 2945 758 3011 Deinde
779 2949 943 3031 progressi
964 2949 998 3012 in
1017 2950 1115 3014 aliem
1141 2951 1383 3013 subterraneam
1404 2963 1465 3012 oa-

292 3051 418 3138 pellam
433 3053 583 3114 venimus
604 3050 768 3134 latiorem,
789 3069 874 3135 quae
894 3053 1055 3135 qnondam
1078 3061 1150 3118 erat
1171 3054 1305 3137 pulchre
1326 3052 1463 3134 depicta,

293 3163 326 3216 et
354 3154 398 3216 ibi
422 3153 564 3216 ereditur
585 3171 661 3216 esse
682 3157 869 3220 beatissime
890 3157 994 3238 Virgo
1022 3159 1129 3221 bieria
1149 3166 1234 3220 nata.
1278 3157 1462 3238 incepimus

292 3266 399 3331 autem
421 3257 465 3320 ibi
482 3257 634 3338 jocundis
656 3261 793 3324 vocibus
815 3271 946 3324 cantare
963 3263 1106 3325 carmina
1126 3261 1168 3324 de
1189 3264 1362 3326 nativitate
1382 3261 1463 3322 bea-

291 3371 351 3425 tae.
366 3361 524 3444 Virginis,
546 3362 676 3444 signata
700 3365 733 3427 in
753 3365 986 3447 processionali
1008 3375 1113 3429 terrae
1133 3376 1279 3450 sanctae,
1302 3375 1334 3429 et
1354 3364 1463 3428 indal-

291 3466 422 3549 geutias
441 3466 526 3550 (ἡ)
547 3466 711 3549 plenariae
732 3469 933 3560 remissionis
956 3472 1157 3554 accepimus,
1180 3479 1214 3534 et
1235 3481 1352 3534 terram
1368 3470 1463 3551 juxte

291 3586 410 3634 morem
439 3573 680 3653 peregrinorum
707 3571 887 3637 deosculati
907 3591 1031 3639 snmus.
1075 3575 1144 3639 Sub
1166 3577 1276 3640 choro
1304 3572 1461 3637 ecclesius

291 3682 343 3736 est
361 3673 452 3737 locus
473 3674 529 3738 ille
548 3685 693 3758 sanctus,
714 3677 769 3740 ubi
791 3677 852 3739 fuit
874 3679 1063 3763 triclinium,
1085 3683 1119 3743 iu
1140 3698 1204 3765 qno
1225 3679 1337 3763 genuit
1363 3674 1462 3738 Anna

290 3778 418 3842 beatam
440 3779 609 3863 Virginem
639 3780 795 3863 lienam,
831 3783 917 3845 sicut
948 3784 1040 3850 locus
1067 3786 1247 3850 nativitetis
1269 3780 1387 3844 Christi
1408 3787 1460 3841 est

289 3883 350 3945 sub
372 3884 469 3948 choro
491 3883 651 3947 ecclesiae
673 3885 973 3972 bethlehemitanae,
995 3892 1029 3952 in
1050 3889 1302 3960 confutationem
1324 3880 1460 3946 men&-

288 3987 413 4052 cissimi
435 3988 630 4071 Alohoranl,
654 3989 710 4073 qui
731 3992 838 4074 ponit,
874 3994 976 4076 ipsam
999 3994 1168 4076 Virginem
1191 3990 1336 4056 Μυίαιι
1350 3996 1460 4052 natam

289 4091 322 4153 in
343 4091 520 4177 Aegypto,
553 4103 586 4156 et
607 4111 683 4157 esso
704 4093 802 4158 liliam
823 4097 971 4182 Mirjem,
999 4098 1121 4160 sororis
1151 4095 1280 4178 Aaou,
1311 4102 1347 4158 ut
1369 4099 1461 4176 patet

288 4213 387 4281 supra
407 4198 463 4262 fol.
494 4199 557 4264 tto
577 4199 614 4262 li.
658 4198 741 4264 Viso
772 4219 850 4296 ergo
878 4202 968 4282 loco,
1004 4202 1120 4264 iterum
1151 4212 1235 4274 unus
1269 4201 1461 4284 peregrinus
1597 4173 1600 4204 ¹

286 4321 346 4386 per
365 4302 447 4368 ahos
476 4301 608 4385 adjutus
628 4321 687 4386 per
711 4304 886 4369 fenestram
909 4320 1040 4370 sursum
1061 4305 1096 4368 in
1117 4304 1270 4368 ambitam
1300 4302 1461 4382 ascendit,
