3202 5218
720 299 785 366 bd!

163 483 317 546 dominari
344 488 480 563 possent
515 483 548 542 in
590 489 742 564 utraque,
771 488 931 564 tamqnam
961 479 1073 564 medii;
1101 480 1260 564 secundo,
1294 491 1331 546 nt

161 586 435 668 negotiationibus
468 583 576 648 mundi
608 594 698 648 esset
733 586 787 647 via
819 588 938 670 ubique
969 583 1170 668 negotiandi,
1203 593 1236 646 et
1268 586 1331 667 ipsi

163 691 323 775 Aegyptii
344 687 464 752 telonia
496 696 529 750 et
550 697 659 770 partes
684 689 726 753 de
754 690 918 753 universis
939 691 1138 771 acciperent,
1167 705 1240 752 cum
1268 707 1332 753 non

34 819 35 854 t
162 805 254 860 esset
274 797 340 876 via,
362 794 425 856 nisi
444 811 503 875 per
524 811 595 860 eos.
637 793 678 856 Et
700 792 857 876 proiecto,
881 811 933 862 ras
956 792 1128 876 magnilica
1147 791 1280 875 inisset,
1301 793 1332 856 si

34 905 36 964 i
163 918 246 985 opus
279 898 505 982 perfecissent.
556 897 640 960 Nam
671 895 712 958 de
747 897 914 980 Venetiis,
947 899 1011 960 imo
1039 896 1080 962 de
1111 897 1264 959 Flandria
1296 904 1331 963 et

162 1006 318 1070 Hibernia
338 1003 550 1084 navigassent
571 1001 604 1062 in
626 999 814 1084 Aegyptum
835 1012 869 1065 et
891 1021 950 1085 per
967 1001 1077 1066 Nilum
1106 1001 1332 1067 ascendissent

163 1113 196 1174 in
218 1108 379 1174 arabicum
402 1107 506 1168 sinum
530 1113 562 1167 et
593 1102 806 1168 devenissent
825 1106 859 1169 in
892 1107 1084 1170 cinnamomi
1113 1109 1278 1189 regionem
1299 1115 1333 1168 et

164 1216 320 1297 usquein
343 1209 466 1273 indiam
497 1209 771 1293 opulentissimam
803 1210 1032 1295 devenissent,
1064 1210 1106 1274 de
1134 1229 1198 1294 qna
1219 1211 1331 1274 dicunt
1377 1213 1379 1220 ’

162 1323 247 1384 inter
267 1319 332 1381 alia
360 1312 522 1397 miranda,
555 1312 641 1397 qnod
672 1331 737 1376 nno
768 1334 854 1378 anno
885 1316 1002 1381 habeat
1029 1315 1110 1380 duas
1133 1325 1275 1378 aestates
1297 1325 1330 1378 et

161 1424 243 1486 duas
262 1420 386 1486 hiemes
407 1429 439 1481 et
460 1437 577 1482 aureos
599 1426 735 1501 montes,
756 1419 860 1483 reales
875 1439 939 1484 non
955 1421 1190 1503 phantasticos,
1212 1427 1244 1482 et
1264 1420 1335 1483 sint

160 1530 193 1592 in
222 1547 262 1590 ea
290 1524 401 1588 xbtv
432 1525 593 1605 regiones.
642 1523 700 1587 Sic
732 1543 791 1606 per
821 1543 910 1587 mare
954 1523 1093 1588 indicam
1121 1526 1176 1587 via
1212 1523 1330 1586 luisset

162 1626 416 1690 occidentalibus
442 1629 474 1690 iu
495 1626 680 1711 Persidem,
710 1627 893 1704 Parthiam,
926 1623 1087 1709 biotham,
1118 1629 1151 1690 in
1172 1627 1327 1694 Arabiam

34 1755 36 1764 ⁴
162 1731 301 1812 felicem,
316 1731 349 1792 in
369 1729 457 1794 Saba
478 1741 510 1794 at
522 1730 731 1813 chaldaeam,
754 1741 786 1794 et
799 1732 926 1816 populis
945 1731 1153 1796 orientalibus
1170 1734 1329 1816 patuisset

161 1837 217 1898 via
238 1834 394 1897 etiamad
415 1854 475 1899 nos
496 1845 528 1898 et
551 1855 609 1919 per
630 1836 693 1900 boc
714 1855 796 1918 opus
816 1846 883 1900 tres
905 1836 1014 1900 mundi
1034 1836 1229 1919 principales
1250 1853 1328 1919 par-

163 1953 231 2024 tes,
252 1939 379 2002 seilicet
399 1940 481 2002 Asia
502 1949 535 2002 et
555 1939 668 2004 Africa
691 1959 764 2005 cnm
786 1942 916 2024 Europa
932 1940 1067 2022 junctae
1087 1941 1234 2004 hrisseut.

244 2047 307 2108 llis
328 2043 437 2108 allecti
456 2045 602 2129 Aegypti
622 2045 799 2110 Ptolomaei
838 2049 992 2109 instantia
1024 2063 1142 2129 magna
1162 2046 1327 2109 conaban-

161 2159 213 2213 tur
232 2150 449 2233 promontoria
466 2149 638 2232 scopulosa
659 2149 805 2214 dividere
822 2150 863 2214 etl
885 2149 1100 2214 inducendum
1115 2169 1204 2213 mare
1224 2148 1327 2214 induti

160 2253 323 2318 Herculea
342 2255 476 2336 virtute,
510 2255 565 2337 qni
587 2254 762 2318 traditione
792 2255 1019 2319 vetustissima
1048 2253 1165 2318 dicitnr
1186 2262 1326 2318 tnnntem

159 2370 315 2443 perpetuo
333 2359 413 2442 jugo
431 2358 577 2440 junctum
597 2362 816 2424 continentem
837 2377 993 2423 oceanum
1017 2357 1169 2422 divisisse
1190 2367 1221 2422 et
1243 2357 1326 2422 dues

161 2471 286 2527 montes
308 2462 395 2546 (b),
415 2462 546 2526 Abilam
565 2469 600 2525 et
621 2461 775 2547 Calpem,
797 2483 840 2528 ex
862 2485 925 2528 uno
948 2465 1087 2547 iecisse,
1109 2482 1167 2546 per
1185 2480 1321 2547 qnorum

34 2621 37 2646 ‚
158 2566 295 2630 medium
335 2585 424 2630 mare
449 2566 731 2652 mediterraneum,
771 2569 858 2653 quod
885 2568 1025 2633 nondum
1055 2575 1127 2632 erat
1155 2572 1188 2630 in
1219 2567 1323 2648 terris,

35 2733 36 2746 ,
158 2670 306 2754 inmisit,
327 2677 365 2732 ut
382 2679 469 2754 patet
490 2689 590 2756 supra
610 2672 664 2736 i'ol.
690 2673 742 2738 ab.

242 2777 277 2838 ln
299 2776 362 2839 hoo
382 2775 616 2859 Aegyptiomm
639 2787 768 2862 conatu,
789 2779 819 2842 si
839 2779 1028 2842 habuissent
1050 2777 1223 2842 Herculem
1245 2791 1326 2838 eoo·

158 2888 336 2963 perstarem
359 2889 392 2943 et
413 2881 509 2944 'litan
531 2899 602 2944 cnm
635 2882 711 2946 liliis
739 2885 825 2967 suis,
855 2885 911 2967 qui
931 2883 1049 2946 bellum
1072 2890 1185 2945 contra
1205 2879 1323 2942 ‚lovem

159 2992 194 3047 et
215 2995 361 3049 caeteros
382 2984 462 3048 deos
499 2993 667 3050 moventes
689 2988 888 3051 conabantur
909 2990 959 3052 eis
990 2988 1115 3050 coelum
1148 2985 1272 3066 eripere
1294 2989 1327 3042 et

158 3088 232 3153 ideo
260 3088 409 3153 dicuntur
440 3099 567 3153 montes
599 3092 761 3156 montibus
790 3095 1055 3175 superposuisse,
1089 3099 1122 3153 nt
1144 3090 1207 3153 sihi
1240 3085 1327 3148 viam

157 3194 190 3256 in
212 3193 336 3257 eoelum
358 3199 559 3276 sternerent3
592 3197 622 3256 si
644 3196 727 3260 tales
749 3199 901 3261 montium
923 3197 1172 3279 transpositores
1193 3190 1328 3255 habuis-

157 3308 242 3381 sent,
265 3297 417 3361 lacillime
438 3316 527 3360 mare
546 3300 701 3386 Aegypto
722 3301 937 3373 induxissent.
969 3300 1206 3365 Laborantibus
1227 3297 1327 3379 igitur

156 3402 331 3485 Aegyptiis
359 3405 394 3464 in
422 3403 568 3486 praelato
601 3425 700 3488 opere
730 3415 952 3471 convenerunt
984 3407 1149 3489 sapientes
1178 3411 1211 3465 et
1239 3401 1326 3483 magi

155 3504 392 3587 Aegyptiorum
414 3515 447 3568 et
472 3507 513 3570 do
534 3527 633 3591 opere
663 3510 885 3592 contulerunt,
918 3509 1127 3575 consulentes
1153 3524 1251 3589 super
1271 3506 1325 3566 in·

154 3611 247 3690 genti
267 3609 398 3690 negotio
418 3609 579 3691 inchoato,
594 3629 635 3672 an
657 3616 737 3676 utile
754 3623 786 3676 et
801 3613 976 3695 expediens
994 3609 1112 3675 ileret'l
1134 3613 1175 3672 Et
1192 3611 1325 3671 iuventa

153 3712 292 3776 veritate
313 3711 383 3793 regi
403 3710 588 3775 Ptolomaeo
610 3717 758 3780 omnibus
781 3715 886 3779 modis
906 3714 1103 3794 suadebant,
1130 3709 1322 3776 cessandum

154 3815 195 3879 ab
217 3834 324 3900 opere,
344 3816 408 3879 imo
431 3815 509 3880 totis
530 3819 699 3882 conatibus
721 3820 910 3902 Aegyptum
929 3817 1111 3881 universam
1134 3833 1325 3888 concurrere

154 3920 195 3984 ad
217 3921 438 3986 obsistendum
459 3929 493 3985 et
513 3922 729 3986 resistendum
750 3922 875 3986 volenti
887 3940 976 3985 mare
994 3920 1158 4006 iuducere,
1172 3931 1323 4005 tanquam

152 4027 426 4108 perniciosissimo
462 4034 570 4090 terrae
603 4026 750 4111 Aegypti
781 4025 918 4092 inimico.
973 4025 1059 4090 Nam
1086 4045 1129 4092 ex
1163 4043 1323 4092 concursu

153 4127 287 4192 duorum
307 4130 433 4194 illorum
455 4134 589 4195 marium
611 4141 679 4195 tota
692 4131 871 4216 Aegyptus
896 4132 1124 4198 absorberetur
1143 4143 1176 4196 et
1191 4132 1323 4195 marinis

153 4232 246 4313 aquis
266 4234 462 4297 obrueretur.
497 4235 627 4300 sumas
647 4239 745 4319 euim,
767 4239 924 4320 inquinat,
948 4237 1021 4300 freti
1042 4235 1168 4300 furores
1187 4234 1322 4298 stabiles

153 4351 218 4396 uon
252 4351 345 4417 esse,
381 4335 440 4400 sed
463 4339 518 4400 ubl
540 4339 645 4404 locum
670 4340 810 4405 exeundi
830 4341 1007 4422 invenerit,
1043 4339 1165 4402 tortose
1185 4338 1322 4420 erumpit
