3204 5216
721 289 783 356 1oe

161 475 199 536 lu
222 471 348 536 vertiee
368 479 476 534 eutem
497 469 585 533 iliius
608 471 728 534 nentis
747 471 859 534 inveni
874 467 1001 534 denum
1016 471 1331 555 trigamorum

162 587 284 659 umen,
306 575 348 640 de
368 594 433 658 quo
455 575 575 657 optione
595 581 769 638 contentus
791 575 849 656 ini,
862 593 926 637 non
948 575 1033 638 enim
1056 576 1190 640 inissem
1210 577 1331 659 hospes

162 691 277 766 gratus
311 680 532 744 innitentibus
565 682 599 742 in
621 697 661 741 ee
682 678 882 742 Serroeeuis.
926 681 964 742 lu
997 681 1059 744 hoo
1087 689 1195 744 monto
1228 683 1332 746 erexit

162 787 294 850 §enno
315 784 378 848 duo
393 785 534 867 profane
554 782 718 867 sedition,
752 784 878 848 soiiioet
899 785 1051 868 tempium
1082 785 1168 849 idolo
1189 785 1332 867 Holooh,

163 902 197 955 et
218 891 345 954 domurn
375 890 445 952 suis
476 888 681 971 oonoubiuis,
715 891 896 973 exquibus
926 890 1024 953 uelde
1054 889 1189 954 offendit
1214 889 1329 952 Deum.

163 996 241 1059 Ideo
261 1011 356 1058 ruens
376 991 565 1057 offensionis
588 991 704 1056 dieitur
711 1037 722 1076 ,
743 1004 787 1056 ut,
801 995 937 1058 hebetur
959 995 991 1060 n
1012 995 1095 1079 neg.
1118 997 1159 1060 11.

247 1101 347 1162 Porro
376 1098 507 1162 Moloeh
543 1095 663 1160 inolu-
688 1096 912 1164 crudelissimo
934 1100 1023 1164 uultu
1044 1101 1228 1182 eoiebetur,
1257 1098 1332 1162 ideo

164 1204 371 1288 singulariter
397 1203 506 1265 [revit.
527 1201 579 1266 et).
611 1201 802 1285 prohibitum
816 1204 1031 1268 strictissime
1059 1206 1130 1287 tuit,
1147 1203 1332 1269 suenonis

164 1311 204 1372 ei.
242 1307 314 1386 Quo
341 1317 449 1375 huten
471 1325 537 1370 uon
558 1307 708 1370 obstnne
728 1305 892 1391 Solonion,
912 1309 1065 1374 induetus
1085 1329 1144 1394 per
1168 1309 1333 1388 mulieres,

163 1415 197 1478 iu
224 1413 281 1478 iilo
308 1421 417 1476 monte
443 1410 596 1494 templum
626 1411 729 1473 erexit
763 1411 910 1496 ΜοΙοοΙι,
943 1422 977 1476 et
1004 1414 1156 1497 populum
1185 1413 1227 1478 ed
1259 1413 1332 1494 ejus

164 1518 286 1582 euitrrru
306 1517 449 1598 induxit,
477 1525 510 1578 et
531 1513 754 1578 seeerdotibus
774 1515 851 1580 idoli
882 1518 1043 1600 stipendio
1072 1518 1216 1583 eontulit.
1259 1517 1331 1580 'l'uli
1391 1572 1393 1578 .

163 1631 271 1713 auteur
292 1623 355 1694 hoo
377 1621 496 1684 idolum
518 1620 684 1686 enbbotur
700 1621 773 1702 ritu,
793 1630 829 1683 ut
850 1631 1043 1686 ueoerentur
1060 1623 1211 1686 inientes.
1250 1623 1330 1686 toret

164 1727 250 1790 errim
268 1725 401 1790 Moiooh
421 1727 529 1808 iruego
541 1724 688 1788 nominis
709 1741 837 1807 magne,
860 1725 902 1788 de
922 1744 999 1788 eere
1020 1728 1104 1810 fuse,
1127 1737 1159 1791 et
1181 1728 1222 1791 rb
1242 1729 1331 1792 intus

163 1839 283 1896 esven
302 1849 361 1913 per
375 1831 529 1894 universe
547 1830 702 1910 memoro,
724 1829 897 1912 naborque
916 1833 950 1894 in
971 1831 1078 1896 medio
1100 1832 1211 1916 templi
1230 1850 1331 1915 supro

163 1935 362 2016 colunum,
384 1933 530 1998 extensis
550 1931 698 1996 munibus
720 1937 755 1993 et
771 1932 928 2016 brachiis,
961 1937 1056 2017 quusi
1084 1935 1276 2000 desiderans
1297 1945 1331 2000 et

164 2048 360 2122 exspeetous
381 2055 498 2102 munus
519 2039 666 2120 eooipere
687 2035 728 2099 od
749 2036 891 2117 breonis,
911 2039 945 2101 in
965 2039 1093 2103 modum
1114 2043 1187 2123 pite
1208 2027 1329 2122 irretiris,

164 2161 249 2230 quse
282 2143 428 2206 extendit
454 2143 588 2208 breohio
616 2140 658 2205 etl
679 2141 920 2223 suscipiendum
949 2161 1044 2208 snum
1074 2145 1247 2225 inienteru3
1280 2146 1332 2206 sio

164 2252 251 2319 euim
267 2257 361 2314 eruut
380 2248 517 2311 formate
539 2248 670 2312 breonis
692 2244 780 2328 idoli,
802 2255 837 2308 nt
858 2266 939 2329 puer
959 2247 1031 2330 (B)
1051 2250 1084 2310 in
1106 2248 1155 2312 eis
1172 2249 1332 2312 ecnubere

164 2361 289 2440 posset,
311 2363 473 2436 tanquam
493 2354 528 2416 in
549 2352 705 2414 maternis
726 2351 876 2414 breohiis
920 2353 1078 2435 Tempore
1099 2359 1207 2415 eutem
1228 2350 1333 2414 seori·

165 2461 326 2540 notorum,
348 2457 479 2542 quondo
500 2466 569 2520 oret
598 2455 643 2520 ibi
663 2475 744 2540 puer
773 2455 1003 2541 immolandus,
1035 2457 1197 2540 ponebant
1218 2473 1333 2520 sener-

166 2565 259 2629 dotes
292 2563 444 2626 ardentes
477 2562 635 2626 eomes
661 2561 697 2623 in
717 2579 835 2644 eorpus
864 2560 959 2644 idoli,
986 2563 1159 2646 ipsumque
1186 2561 1331 2626 eundern

165 2679 198 2732 et
219 2670 354 2753 ignitum
385 2666 565 2749 ieeielrent,
596 2674 630 2728 et
651 2685 782 2748 puerum
810 2669 1015 2730 innocentem
1035 2685 1134 2730 unum
1156 2675 1191 2728 et
1215 2669 1342 2728 sennu-

165 2775 208 2840 de
231 2775 381 2838 menibus
401 2778 584 2853 pareutum,
606 2772 661 2853 qui
683 2789 756 2834 eum
778 2769 1004 2833 immolandum
1028 2771 1217 2852 attulerant,
1240 2771 1332 2832 eooi-

164 2881 305 2963 piebeut,
327 2885 361 2940 et
382 2879 527 2940 broohiis
548 2875 625 2940 idoli
645 2877 860 2958 imponebant.
882 2875 925 2938 iit
946 2893 989 2936 ue
1011 2885 1163 2956 parentes
1184 2884 1217 2937 et
1237 2876 1334 2938 ereioi

164 2988 413 3050 oimumunutes
437 2999 480 3042 ex
507 2980 627 3062 ejulatu
654 2981 746 3063 pueri
773 2981 905 3041 nimium
925 2981 1148 3060 turbarentur,
1178 2979 1332 3042 estsbeut

165 3087 363 3170 seuerdotes,
385 3103 458 3149 enm
481 3085 647 3148 sonorosis
667 3085 841 3169 tympanis,
863 3083 1022 3167 symbolis
1044 3093 1078 3146 et
1100 3084 1185 3147 tubis
1207 3083 1332 3147 fortiter

164 3195 420 3276 oonerepebunt,
441 3209 484 3252 ne
504 3199 655 3272 parentes
676 3207 793 3254 vooern
821 3188 911 3272 pueri
933 3189 1099 3252 morientis
1120 3189 1231 3253 audire
1251 3206 1332 3273 pos·

165 3309 255 3378 sont,
276 3306 311 3362 et
331 3307 395 3360 turn
417 3295 473 3358 diu
493 3295 544 3358 sio
564 3296 740 3377 monent,
762 3311 932 3378 quousque
963 3313 1045 3377 puer
1064 3296 1115 3359 sio
1135 3297 1169 3357 iu
1190 3295 1331 3358 breehiis

165 3402 242 3466 idoli
273 3402 410 3468 udonus
441 3399 629 3482 exspiraret.
679 3397 753 3475 Quo
779 3400 829 3462 sio
861 3410 1029 3464 oonsuurto
1056 3400 1259 3483 seoerdotes,
1297 3409 1332 3462 et

166 3521 280 3567 omnes
312 3506 367 3587 qui
399 3505 558 3569 soeriiioio
591 3504 741 3585 ederent,
773 3503 925 3585 jocundis
955 3506 1101 3569 vultibus
1142 3507 1331 3589 parentibus

165 3608 489 3692 congratulabantur,
523 3617 582 3692 pro
613 3628 669 3692 eo,
692 3607 788 3692 'quod
810 3608 899 3691 digni
919 3608 1020 3674 nobiti
1043 3611 1181 3674 fuissent
1212 3611 1333 3674 hebere

164 3731 299 3794 puerum
320 3715 353 3776 in
374 3714 569 3778 ooosortiurn
603 3713 734 3778 deorum
767 3723 954 3778 assumtum.
998 3717 1050 3778 Ex
1081 3734 1120 3778 eo
1141 3723 1249 3778 eutem
1279 3713 1332 3777 die

164 3835 279 3880 omues
298 3816 486 3882 idololotroe
507 3825 608 3882 toturn
631 3819 717 3883 illurn
739 3819 963 3903 genealogiam
991 3830 1153 3904 tauquam
1179 3819 1332 3884 nobilite-

165 3928 231 3983 tnu
252 3922 453 3987 honoret-nt
473 3931 507 3986 et
528 3922 716 4006 neiebnn,
738 3922 823 4006 qnod
845 3941 958 3987 ornnes
981 3925 1076 3988 emioi
1103 3924 1195 4008 pueri
1216 3924 1332 3987 immo-

164 4023 222 4113 ieti
243 4024 376 4090 meliore
394 4027 463 4091 isto
483 4037 516 4090 et
538 4028 683 4092 iortunee
705 4037 816 4094 essent
838 4027 993 4113 deinoeps
1014 4029 1161 4093 habituri.
1206 4029 1332 4094 sintne

166 4129 246 4192 ritu
266 4130 352 4214 opud
385 4133 527 4216 gentiles
558 4134 793 4198 observentur
812 4133 846 4196 iu
868 4134 973 4198 saeris
993 4133 1140 4217 Saturni,
1182 4140 1216 4197 et
1238 4135 1331 4217 forte,

165 4233 253 4314 qood
272 4235 391 4300 Grreoi
411 4238 585 4302 Soturuurn
605 4239 781 4319 nominent,
800 4239 863 4303 hoo
884 4239 1026 4303 Hebraei
1049 4239 1180 4320 Hoiooh
1201 4246 1329 4302 vooout.

164 4337 247 4405 Em
265 4339 351 4404 enirn
371 4349 483 4406 statue
502 4341 635 4408 Saturni
661 4359 780 4424 aeneo,
812 4342 1034 4426 meguitudiue
1054 4343 1215 4425 ruirebiii,
1238 4342 1331 4424 eujus
