3212 5206
595 227 779 328 'aas

155 445 318 530 judaismo
347 441 527 528 peregrinis
550 440 747 506 Christianis
770 461 808 506 se
838 443 1014 508 associavit
1044 455 1077 507 et
1098 463 1170 510 oum
1194 448 1244 510 eis
1271 465 1331 530 per

158 552 321 616 desertum
356 546 525 630 usquead
548 547 636 610 huno
656 546 764 611 looum
794 551 956 632 pervenit,
992 567 1136 634 eumque
1157 552 1330 635 peregrini,

157 660 214 740 qut
234 664 403 718 antaeum
423 654 529 734 ibant,
550 670 610 736 per
629 660 754 734 portam
776 655 951 738 intrarent,
974 656 1171 740 sequebatur
1190 673 1248 718 eos
1270 674 1329 718 ns-

157 779 223 845 que
250 759 291 823 ad
322 767 448 841 portam
482 775 543 820 neo
568 756 709 840 amplius
729 757 905 839 procedere
938 759 1060 844 voluit,
1088 759 1148 823 sed
1176 760 1331 822 attonitus

158 876 192 928 et
211 861 413 949 stupetactus
435 864 548 943 stetit3
570 878 667 944 quem
688 879 760 924 oum
781 863 1072 947 interrogaverunt,
1104 862 1182 947 quid
1198 864 1332 927 haberet

159 981 192 1032 et
213 987 313 1055 quare
334 985 398 1032 non
421 953 567 1046 intraret,¹
593 981 710 1048 magno
732 983 804 1030 oum
826 969 948 1050 gemitu
969 977 1003 1030 ot
1025 967 1167 1032 laorimia
1190 987 1330 1052 respou-

162 1071 222 1137 dit:
256 1092 277 1137 o
308 1072 424 1135 iratres
449 1070 628 1153 peregrini,
660 1069 755 1133 video
777 1089 876 1156 supra
908 1091 1016 1136 urorum
1039 1073 1248 1154 crucifixum,
1276 1073 1332 1155 qui

160 1197 213 1240 me
233 1176 362 1261 ingredi
390 1194 454 1239 non
477 1174 565 1256 sinit,
587 1190 649 1235 nee
669 1173 838 1239 immerito·
882 1175 960 1240 Sum
984 1178 1088 1260 enim,
1111 1175 1233 1260 fateor,
1258 1177 1334 1259 hen,

160 1277 310 1342 Judaens
330 1277 521 1354 etRChristo
550 1277 704 1341 erueiiixo
725 1297 830 1362 usqne
856 1299 942 1344 nuno
966 1299 1096 1365 semper
1118 1281 1163 1346 ini
1184 1283 1335 1346 irtimieua

159 1391 193 1447 et
213 1401 266 1446 mo
282 1381 500 1448 Christianum
525 1382 728 1466 peregrinum
752 1384 912 1467 simulavi,
935 1394 968 1448 ut
991 1384 1075 1469 legis
1096 1396 1228 1450 nostrae
1250 1387 1335 1452 isto·

160 1507 238 1571 rem,
261 1493 411 1572 Moysen,
433 1488 485 1551 hie
506 1487 709 1550 honorarem.
744 1487 810 1551 Sed
834 1488 931 1552 video
953 1489 1049 1573 plane
1067 1509 1120 1554 me
1135 1490 1177 1553 ad
1191 1492 1333 1574 Moysen

160 1611 225 1656 nou
247 1592 371 1654 admitti
392 1593 454 1656 nisi
482 1612 541 1675 per
562 1591 760 1670 uruoiflxum,
782 1600 977 1677 quapropter
998 1613 1040 1658 ex
1066 1612 1153 1658 uune
1180 1594 1334 1670 oruoitixo

161 1693 292 1759 Christo
317 1697 414 1760 orado
443 1706 475 1760 et
503 1715 554 1759 me
581 1696 739 1779 baptizari
766 1699 914 1779 promitto
953 1707 987 1762 et
1018 1697 1225 1764 Christianus
1256 1698 1335 1762 mori

162 1799 320 1864 desidero.
353 1800 471 1865 Statim
492 1811 618 1882 antem,
640 1809 675 1862 nt
697 1801 779 1863 haee
799 1803 901 1864 verba
921 1803 1058 1888 finierat,
1082 1822 1165 1867 erux
1178 1802 1335 1888 disparuit

46 1985 50 1997 .
163 1912 196 1966 et
217 1906 290 1987 ipse
311 1905 384 1966 sine
405 1906 632 1989 impedimento
653 1923 726 1967 enm
748 1904 821 1967 aliis
841 1907 996 1989 aseendit,
1016 1907 1203 1992 glorificans
1225 1909 1331 1972 Deum

161 2017 194 2070 et
217 2018 291 2091 post
315 2009 378 2072 hoo
388 2011 581 2092 baptismum
594 2010 743 2091 suscepit·
752 2018 783 2070 et
801 2020 913 2074 eorrtra
924 2011 1124 2075 Judaeorum
1137 2014 1327 2075 eoeoitatem

164 2113 299 2196 eunetis,
322 2131 405 2196 quae
428 2115 491 2178 sibi
513 2113 709 2194 acciderant,
733 2114 891 2176 recitavit.
925 2115 978 2178 Ao
1000 2117 1062 2177 hoo
1083 2132 1160 2196 ergo
1182 2123 1326 2197 tempore

162 2216 273 2280 nulius
294 2217 492 2282 Judaeornm
528 2221 722 2301 praesumsit
752 2217 959 2282 odaoeudere.
1004 2217 1041 2281 Si
1074 2220 1158 2281 euim
1190 2227 1328 2300 possent

161 2321 263 2386 liltore
283 2324 451 2386 transitum
473 2322 603 2402 habere,
624 2339 754 2405 semper
774 2331 885 2385 essent
906 2324 951 2386 ibi
971 2323 1134 2406 peregrini
1157 2321 1286 2386 dudaei.

241 2427 275 2488 ,Α
296 2439 390 2510 porto
410 2427 466 2491 iila
487 2427 623 2490 ulterior
645 2426 850 2489 ascendimus
872 2427 913 2490 ed
933 2445 997 2489 non
1017 2426 1174 2490 modinum
1194 2428 1333 2510 spatium

160 2538 196 2594 et
216 2530 258 2594 ad
280 2532 386 2615 aliam,
408 2541 519 2614 portae
540 2530 707 2615 praefatae
728 2530 864 2614 scilieet,
882 2531 1033 2595 venimus
1053 2539 1088 2594 et
1103 2531 1241 2617 ingressi
1253 2550 1332 2614 por·

161 2637 283 2699 tamin
305 2635 464 2720 quandem
488 2634 710 2699 deleotabiiem
734 2634 897 2717 planitiem
918 2636 1078 2719 venimus,
1099 2654 1184 2720 quae
1205 2635 1279 2699 linis
1301 2643 1335 2697 et

162 2741 318 2804 terminus
346 2749 399 2806 est
425 2741 543 2804 montis
565 2739 685 2822 Syuai;
714 2757 787 2801 nam
811 2737 977 2822 usquead
999 2740 1086 2802 huno
1108 2740 1211 2802 iocum
1233 2739 1339 2802 nomi·

163 2851 260 2906 natur
285 2863 379 2908 mons
400 2843 513 2928 Syriai.
558 2844 609 2907 De
636 2843 692 2905 ilia
719 2863 797 2907 vero
825 2841 959 2925 planitie
980 2845 1146 2926 consurgit
1171 2861 1262 2906 mons
1284 2863 1338 2906 ro-

165 2948 302 3031 tundus,
337 2949 425 3014 aitas
450 2959 483 3012 et
511 2957 598 3012 totus
626 2957 795 3032 petrosus,
828 2948 884 3031 qui
906 2955 957 3013 est
980 2965 1071 3012 moue
1095 2945 1201 3009 oieb..
1236 2945 1339 3010 Totus

167 3061 275 3116 tamen
305 3071 397 3117 mons
423 3070 494 3117 eum
517 3063 652 3136 utreque
675 3062 765 3135 parte
787 3052 930 3115 inferiori
951 3060 984 3113 et
1006 3052 1166 3133 superiori
1187 3049 1337 3134 quando-

164 3175 231 3239 que
252 3155 339 3220 0reb
366 3159 558 3223 nominatur.
597 3157 639 3220 tn
664 3174 902 3240 nonnumquam
922 3156 1070 3239 superior
1102 3172 1178 3239 pars
1209 3163 1340 3237 propter

163 3277 256 3325 suam
284 3263 504 3344 petrositatem
533 3261 648 3326 dieitur
669 3270 762 3346 petra
783 3261 879 3327 Oret).
923 3259 1008 3324 Cum
1032 3277 1111 3343 ergo
1131 3277 1191 3342 per
1215 3268 1339 3341 portem

163 3367 305 3449 ingressi
327 3383 495 3450 ammas,
525 3367 732 3432 meandimus
752 3387 811 3451 per
831 3383 978 3449 eampum
1001 3365 1090 3428 iilum
1112 3365 1341 3449 graminosum,

161 3471 217 3553 qni
246 3480 316 3534 erat
346 3473 429 3536 inter
460 3491 523 3536 nos
553 3481 587 3536 et
620 3481 759 3537 montem
782 3473 889 3555 oreb,
925 3471 1001 3554 quia
1028 3487 1165 3553 eampus
1193 3469 1340 3533 declivus

163 3575 360 3660 aliquantum
393 3585 480 3658 erat,
511 3585 545 3639 et
566 3576 608 3640 ad
630 3595 726 3640 unam
752 3577 924 3640 eoelesiam
946 3575 1111 3657 pulchram
1137 3585 1170 3638 et
1191 3591 1340 3659 magnam
1436 3591 1442 3600 ·

163 3683 323 3746 venimus.
367 3681 451 3744 Sunt
473 3689 580 3744 autem
603 3689 670 3745 tres
691 3680 837 3765 eapeiiae
871 3683 1065 3763 ooutiguae,
1092 3697 1157 3742 uuo
1177 3695 1340 3742 murorum

163 3787 285 3850 ambitu
304 3787 448 3870 oiausue,
470 3805 536 3851 una
557 3797 608 3851 est
629 3795 764 3850 sanotae
784 3785 941 3867 Marinae,
964 3782 1109 3847 seeundo
1128 3781 1342 3847 sauotiiieli-

162 3893 235 3954 saei
256 3893 422 3976 prophete,
441 3895 538 3957 tertia
562 3892 668 3956 saneti
692 3891 809 3954 ileliae
832 3889 1022 3973 prophetae.

249 3997 350 4060 Porro
371 4016 430 4081 per
450 4015 586 4081 parvum
606 4006 639 4061 et
660 3995 836 4059 demissum
859 3993 1007 4058 ostiolum
1024 3999 1077 4055 est
1097 3992 1257 4072 introitus,
1278 4007 1336 4073 par

162 4099 252 4162 ilium
281 4118 360 4185 ergo
386 4101 545 4186 portulam
567 4101 717 4166 uenimus
739 4102 771 4162 in
792 4098 949 4183 oapeilaru
970 4099 1005 4162 S.
1026 4099 1172 4162 Marinae
1194 4093 1334 4178 virginis

162 4212 194 4266 et
223 4206 374 4284 p'rostrati
402 4209 564 4271 orationes
592 4214 767 4271 eonsuetas
797 4205 935 4287 tegimus
963 4203 1005 4266 de
1037 4196 1271 4286 processionali
1300 4205 1333 4259 et

164 4305 386 4390 induigentia
424 4313 481 4394 st)
512 4313 702 4395 reeeptmus.
745 4309 796 4372 De
822 4311 884 4374 hoe
915 4325 1011 4371 saera
1050 4307 1178 4388 virgine
1207 4303 1343 4366 trenetur
