3202 5218
290 476 557 544 manducavimus
574 493 636 538 nee
651 475 798 540 bibimus.
828 475 977 560 sicergo
995 475 1050 539 alii
1068 485 1104 540 et
1128 475 1241 558 major
1264 493 1343 559 pars
1363 476 1482 557 judica-

289 586 369 649 bant
381 597 458 646 ease
477 579 725 662 procedendum,
740 580 800 643 sed
821 581 862 644 ad
880 599 976 663 quam
994 583 1135 662 plagam
1158 590 1195 642 et
1219 589 1349 663 partem
1365 583 1482 663 penitus

290 687 492 773 ignorabant,
507 688 586 747 nam'
605 685 727 748 densae
746 686 900 749 tenebrae
920 695 1023 767 erant,
1038 687 1086 750 ita
1116 694 1156 752 ut
1177 695 1316 751 montes
1339 697 1483 748 antenna

290 795 421 879 penitus
442 788 556 856 videre
577 807 642 852 non
657 805 828 872 possemus
850 807 912 852 nec
925 791 1065 873 vestigia
1090 799 1126 852 et
1151 793 1217 854 vix
1233 808 1328 854 mare
1350 809 1371 853 a
1391 799 1483 871 tergo,

291 897 377 984 quod
398 907 506 959 tamen
531 893 720 957 naturaliter
750 895 784 956 ln
815 894 960 958 tenebris
988 896 1134 977 quodam
1159 895 1348 978 splendore
1382 895 1483 975 anget.

197 1089 208 1096 -
292 1002 503 1086 vagabamur
532 1015 613 1081 ergo
637 998 702 1082 pe'r
728 1000 903 1080 incertum,
925 1017 1012 1061 nime
1043 999 1085 1062 ad
1111 1000 1294 1082 dextram,
1328 1016 1415 1062 nunc
1448 995 1483 1059 ad

275 1111 474 1188 sinistram,
497 1121 584 1166 nuno
604 1123 662 1186 per
682 1103 849 1185 directum,
876 1123 961 1168 nunc
983 1122 1041 1188 per
1071 1103 1304 1187 indirectum,
1327 1120 1415 1166 nunc
1433 1119 1483 1163 se-

293 1215 471 1300 quebamur
500 1209 717 1291 opininionem
749 1208 851 1291 illins,
884 1219 958 1292 post
978 1209 1148 1293 paululum
1186 1209 1397 1272 reclamante
1426 1205 1481 1268 elio

292 1317 429 1384 eundem
451 1314 676 1396 sequebamur,
688 1311 859 1396 aliquando
880 1331 951 1377 cum
971 1315 1102 1378 silentio
1125 1331 1256 1379 omnes
1284 1311 1481 1376 substitimus

294 1423 526 1499 auscultantes,
549 1435 590 1479 an
611 1435 725 1481 sonum
748 1418 887 1503 aliquem
909 1420 1167 1504 colloquentium
1193 1426 1256 1483 ant
1279 1416 1480 1480 clamantium

294 1529 489 1606 audiremus,
502 1522 563 1584 sed
588 1522 667 1584 nibil
689 1521 857 1586 audientes
879 1526 1018 1609 nosipsi
1040 1527 1173 1607 magnis
1198 1525 1348 1588 vocibus
1366 1521 1481 1582 clama·

292 1635 400 1698 vimus
421 1635 456 1691 et
485 1628 519 1689 in
551 1627 615 1689 boc
635 1643 698 1688 nec
718 1626 861 1690 latrones
892 1644 954 1690 uec
975 1629 1162 1710 praedones
1198 1630 1391 1707 timuimus,
1413 1621 1480 1705 quia

294 1735 477 1819 optavimus
499 1729 660 1793 bominem
682 1731 724 1794 ad
745 1750 807 1794 nos
827 1733 950 1814 venire,
971 1721 1078 1817 asquo
1099 1733 1231 1817 aliquid
1255 1733 1392 1796 discere
1410 1741 1480 1810 put·

295 1857 416 1922 semus,
458 1837 587 1898 interea
620 1835 761 1900 vidimus
781 1847 858 1900 ante
889 1854 950 1902 nos
982 1839 1112 1904 rutilare
1133 1841 1254 1924 ignem
1263 1879 1278 1916 ,
1308 1845 1478 1914 exsurgam

292 1942 495 2030 splendorem
519 1949 553 2004 et
574 1941 652 2006 lacti
674 1942 793 2006 luimus
814 1943 1043 2028 aestimantes,
1075 1948 1190 2008 socios
1217 1953 1358 2008 nostros
1379 1939 1476 2020 ignem

293 2049 484 2117 accendisse
503 2055 639 2130 propter
668 2065 739 2131 uns,
761 2057 794 2110 et
826 2047 901 2111 dum
923 2048 998 2112 laeti
1019 2049 1235 2132 splendorem
1259 2055 1476 2129 sequeremur,

293 2156 425 2222 delusos
447 2169 508 2216 nos
530 2169 606 2215 csse
626 2153 734 2216 statim
750 2153 990 2235 conspeximus,
1008 2155 1084 2236 qnia
1100 2165 1171 2219 erat
1196 2151 1369 2240 quaedam
1389 2141 1474 2209 stella

292 2258 470 2347 perlucida,
491 2274 577 2340 quae
598 2259 705 2322 oriem
736 2257 845 2321 radios
865 2275 945 2321 suos
975 2275 995 2320 a
1019 2261 1190 2334 cacumine
1213 2260 1342 2322 montis
1365 2247 1472 2314 emim.

291 2367 392 2430 Porro
424 2364 571 2426 dominus
603 2362 778 2426 Heinriens
809 2362 851 2425 de
877 2362 1095 2448 Scbomberg,
1123 2365 1176 2428 vir
1210 2360 1416 2446 cogitativus
1445 2355 1472 2410 el

293 2468 448 2553 prudens,
470 2466 622 2530 tendebat
642 2467 754 2531 en'ntra
774 2466 934 2552 quandam
957 2467 1083 2532 stellam
1105 2476 1136 2531 et
1161 2469 1206 2534 ad
1233 2470 1289 2532 sd
1312 2459 1470 2547 sequclffl

295 2591 357 2638 nos
379 2573 537 2635 invitabat
557 2571 684 2657 dicens,
697 2591 735 2635 se
756 2581 877 2635 certum
899 2574 1067 2637 invenisse
1087 2577 1121 2636 in
1143 2551 1242 2640 coelo
1267 2570 1427 2635 tramitem
1441 2561 1468 2620 ¹⁶¹¹

293 2687 439 2742 nostmm
461 2677 653 2760 exercitnm3
674 2677 734 2742 sed
754 2676 840 2741 unda
860 2679 923 2741 hoc
942 2678 1107 2759 babuerit,
1130 2683 1260 2763 nescio,
1284 2679 1350 2741 laec
1371 2680 1468 2734 tamen

297 2787 379 2867 scio,
403 2785 432 2846 si
448 2801 520 2845 eum
536 2783 640 2844 secmi
655 2781 840 2865 fuissemus,
867 2781 990 2846 directe
1002 2783 1036 2844 in
1057 2785 1239 2848 exercitum
1252 2784 1463 2848 venissemus

291 2891 414 2953 Verum
445 2906 517 2950 cnm
538 2905 596 2971 per
623 2886 913 2971 atiqoodspauum
935 2889 1134 2966 enmiseouti
1158 2889 1355 2966 fuissemus,
1378 2881 1463 2944 ‹tiee-

291 2994 347 3057 bat
365 2992 508 3077 quidam,
522 2991 607 3076 quod
629 2993 726 3055 nimis
748 2991 912 3055 dexteram
925 2999 1051 3074 peteret
1073 3001 1104 3055 et
1125 2995 1171 3056 ita
1188 2993 1331 3058 dimissa
1343 2979 1462 3065 (68⁸)

292 3097 471 3162 directione
504 3097 623 3160 domini
643 3097 789 3160 Heinrici
821 3096 918 3160 aliurn
949 3098 1055 3160 secuti
1080 3115 1193 3162 sumus
1221 3100 1267 3164 ad
1293 3095 1461 3165 stantum·

291 3205 380 3266 luter
403 3203 486 3265 haec
507 3219 744 3283 nonnumquam
767 3199 809 3264 ad
830 3201 935 3283 litigia
956 3200 1157 3284 devenimus,
1174 3203 1232 3267 illo
1242 3203 1378 3268 volente
1397 3195 1460 3266 hut,

291 3306 396 3370 altero
426 3306 514 3370 illue.
553 3305 645 3368 Duas
678 3321 732 3366 res
760 3321 822 3384 ego
851 3305 885 3366 iu
907 3303 969 3366 bac
989 3307 1194 3371 tribulatione
1224 3297 1335 3392 aeque
1368 3294 1460 3374 timui,

292 3413 377 3475 sicut
408 3411 512 3493 ipsam
546 3407 796 3472 tribulationem:
825 3425 907 3488 una,
929 3410 1015 3490 quod
1044 3410 1107 3474 duo
1136 3414 1336 3497 principales
1368 3395 1458 3468 nostri

291 3514 409 3580 milites
438 3521 550 3577 eontra
571 3531 610 3577 se
635 3513 841 3595 insurgerent
862 3521 896 3574 et
913 3512 1042 3596 gladios
1063 3517 1260 3601 eximerent,
1284 3517 1364 3600 qnia
1383 3500 1457 3571 sciti

292 3638 351 3685 eos
371 3619 531 3684 vecordes
562 3618 774 3700 adinvicem,
796 3625 831 3682 at
851 3618 925 3682 ideo
949 3637 1022 3683 oum
1053 3621 1220 3703 industria,
1241 3617 1375 3706 quaudo
1394 3609 1455 3676 dil·

292 3727 466 3811 cepiabant
487 3725 528 3788 de
548 3727 618 3810 via,
639 3728 734 3810 posui
756 3745 808 3790 mc
838 3743 913 3790 cnm
934 3727 1027 3790 asino
1053 3726 1088 3788 in
1112 3727 1250 3792 medium
1273 3741 1401 3800 eorum,
1420 3727 1456 3774 Μ

204 3880 206 3886 ,
290 3831 461 3914 propinqui
480 3831 543 3894 sibl
565 3833 660 3895 citius
689 3841 903 3896 moverentur.
946 3833 1075 3898 Altera:
1097 3831 1195 3916 qnod,
1217 3834 1293 3916 quia
1314 3830 1453 3894 diverti·

292 3937 451 4020 opinionis
471 3935 653 4000 eramusde
672 3937 780 4020 plaga,
794 3939 895 4020 timui,
910 3938 996 4020 quod
1016 3938 1134 4021 aliquis
1154 3955 1249 4002 sunm
1270 3937 1450 4013 concepitm
1530 3951 1531 3988 l

292 4047 484 4124 sequeretur
504 4045 539 4102 ot
560 4038 689 4102 anobis
707 4039 905 4104 divideretur
925 4049 958 4104 et
979 4043 1111 4126 periret,
1135 4043 1222 4106 unde
1243 4041 1450 4128 magnacum

290 4145 443 4228 vigilavi,
464 4152 499 4206 ut
521 4142 686 4226 litigantes
707 4143 872 4208 delinirem
895 4155 927 4210 et
948 4156 1129 4231 evagantes
1150 4167 1346 4214 revocarem.
1382 4127 1449 4202 95¹5
1527 4151 1530 4286 q

291 4249 485 4335 aliquotiens
506 4247 604 4312 sociis
625 4248 784 4333 tristibus,
801 4268 865 4313 uon
887 4251 1028 4316 timeatis
1049 4261 1186 4338 tantum,
1198 4273 1263 4320 unu
1276 4233 1449 4318 irascamiffi

290 4355 492 4423 adinvicem
523 4361 557 4417 et
577 4371 641 4418 non
662 4356 856 4438 separemini
884 4356 926 4420 ab
957 4359 1115 4444 invicem,
1134 4360 1188 4426 bis
1217 4360 1302 4424 enim
1328 4346 1448 4418 tinnitu
1527 4315 1530 4416 l

1526 4533 1529 4682 l
