3202 5218
296 480 328 535 et
360 467 584 555 sustentacula
614 465 753 551 pedum,
786 476 821 529 et
851 469 897 530 ita
918 487 977 551 per
1004 485 1122 552 gyrum
1144 468 1234 551 rupis
1254 469 1406 552 suspami
1428 472 1464 532 tn

293 573 437 658 scopulis
459 589 587 636 eramus
609 589 739 636 sursum
759 581 935 655 reptantes,
960 573 1044 636 sicut
1067 573 1221 636 formicae
1244 575 1378 637 arbores
1395 574 1462 639 ad·

294 678 465 742 scendunt.
508 676 652 740 'landem
681 686 805 758 autem,
840 677 916 759 quia
947 677 1112 758 improbus
1139 676 1230 739 labor
1261 678 1326 760 (la)
1356 679 1463 740 omnia

300 785 414 866 vincit,
434 784 468 845 in
489 789 588 863 caput
609 782 683 844 sive
701 798 858 844 cacumen
879 782 964 844 sacri
986 782 1104 844 montis
1125 782 1294 864 venimna3
1313 782 1368 845 ubi
1386 782 1461 845 dnm

295 903 456 968 essemus,
494 884 575 948 adeo
604 903 701 968 asper
728 893 761 947 et
791 884 890 948 durus
912 885 1069 969 fortisque
1090 886 1181 948 flavit
1209 891 1348 969 ventus,
1375 885 1461 970 quud

292 1009 355 1054 nee
375 1007 468 1054 orare
499 1007 561 1054 nec
593 989 767 1074 quidquam
800 989 875 1052 boni
907 989 1015 1052 iacere
1045 989 1209 1054 voluimus
1227 991 1353 1073 absque
1372 992 1468 1073 igue.-

298 1093 417 1158 Statim
439 1102 546 1157 antem
565 1095 694 1158 Arabas
723 1095 932 1176 comportatis
963 1095 1134 1156 sarmentis
1153 1103 1185 1157 et
1207 1112 1285 1177 rogo
1307 1105 1462 1178 congesto

293 1215 447 1280 magnum
468 1200 576 1281 ignem
598 1199 766 1280 iecerunt,
796 1195 837 1260 ad
859 1216 955 1281 quem
977 1199 1143 1281 stetimus,
1179 1217 1283 1281 usqne
1305 1198 1380 1264 dum
1400 1198 1461 1280 sol,

176 1327 179 1330 ·
293 1305 350 1387 qui
379 1304 442 1366 iam
472 1302 591 1366 dudum
623 1311 713 1366 ortus
743 1303 863 1384 inerat,
894 1301 991 1366 altius
1022 1303 1214 1366 ascenderet
1235 1313 1267 1366 et
1288 1313 1457 1367 ventorum

294 1409 381 1490 rigor
401 1409 594 1471 mitesceret.
637 1407 743 1470 Nobis
771 1426 849 1490 ergo
874 1407 1043 1470 calefactis
1064 1417 1096 1470 et
1118 1406 1352 1491 quodammodo
1372 1408 1460 1470 vivi·

293 1511 399 1575 flectis
420 1513 619 1576 accessimus
640 1510 682 1574 ad
695 1511 876 1594 angelicum
895 1512 1094 1575 clarissimae
1109 1512 1248 1594 virginis
1267 1509 1462 1573 Cathuriuae

295 1616 452 1679 tumulum
474 1625 507 1705 et
529 1614 644 1679 laudes
665 1617 884 1698 praescriptas
904 1616 938 1678 iu
965 1615 1199 1698 processionali
1210 1623 1316 1679 terrae
1326 1625 1463 1678 unctae
1597 1687 1598 1708 χ

299 1718 545 1783 decantavimus
576 1737 650 1782 cnm
668 1718 871 1800 jocunditate
893 1727 928 1782 et
956 1718 1106 1782 devotius
1136 1721 1300 1782 oravimus
1321 1718 1461 1782 diutius-

296 1841 361 1907 que
380 1821 614 1887 meditabamur
635 1822 849 1888 cumsilentio
870 1833 902 1888 et
921 1823 1140 1906 indulgentias
1158 1823 1324 1907 plenariae
1344 1825 1462 1887 remis·

296 1929 400 1992 sionis
422 1928 501 2010 (ἢ)
523 1929 717 2010 accepimus.

354 2034 418 2095 'ln
450 2033 513 2097 buc
545 2033 715 2116 spectabili
744 2031 816 2096 loeo
844 2027 1002 2117 singulari
1033 2028 1153 2114 gaudio
1181 2027 1291 2093 allecti
1321 2028 1462 2111 luimns;

296 2154 371 2202 nam
394 2138 562 2221 hucusque
583 2135 818 2220 progrediendo
850 2155 979 2221 semper
1004 2134 1180 2198 avertimus
1202 2151 1262 2197 nos
1283 2150 1304 2195 a
1323 2143 1409 2196 terra
1430 2141 1466 2197 et

298 2243 403 2324 patria
424 2251 546 2324 nostra,
568 2240 628 2304 sed
649 2242 689 2304 ab
711 2242 774 2304 hoc
800 2237 1004 2302 desiderabili
1028 2237 1099 2300 loco
1116 2238 1296 2319 incepimus
1307 2256 1369 2301 nus
1382 2255 1466 2301 eon-

297 2353 426 2409 vertere
446 2354 480 2408 et
505 2344 629 2409 vultum
642 2345 770 2408 flrmare
788 2353 902 2408 contra
922 2327 1035 2407 natale
1051 2343 1167 2425 solnm,
1188 2352 1305 2405 terrum
1327 2343 1463 2425 patriam

50 2458 55 2467 ·
163 2492 166 2498 -
201 2447 238 2491 '·
298 2457 332 2512 et
352 2450 517 2532 regionem
538 2445 702 2531 nostram3
735 2448 937 2532 quodquam
959 2449 1242 2531 gaudiosissimum
1263 2455 1297 2510 et
1317 2447 1466 2510 delecta-

299 2551 365 2622 bile
386 2553 493 2634 ruent,
514 2570 579 2615 nou
601 2551 752 2636 iutelligit
770 2553 833 2615 nisi
854 2554 894 2634 ia,
915 2556 971 2637 qui
991 2555 1024 2616 in
1040 2553 1152 2636 procul
1173 2553 1388 2616 existentibus
1409 2569 1467 2614 re-

220 2658 225 2668 '
304 2658 457 2741 giouibus
479 2675 602 2721 morum
622 2659 759 2720 traxerit
780 2657 868 2719 etin
890 2658 1004 2721 alienis
1017 2659 1112 2720 terris
1135 2656 1317 2719 exnlfuerit
1338 2665 1466 2720 etcum

297 2762 417 2847 populo
448 2761 511 2826 sibi
536 2763 664 2846 ignoto,
700 2761 793 2844 cnjus
824 2779 886 2824 neu
913 2779 1020 2824 mores
1046 2779 1108 2824 uec
1141 2760 1282 2843 linguam
1301 2759 1467 2843 iutelligit,

209 2868 213 2879 '
301 2875 516 2931 conversatus
538 2866 635 2929 fuerit
656 2873 691 2928 et
720 2867 753 2928 in
779 2874 878 2948 gente
906 2865 1037 2928 alterius
1060 2874 1190 2948 sectae,
1216 2863 1349 2932 alterins
1369 2867 1467 2950 ritus,

226 3041 230 3050 ,
303 2971 439 3039 alveum
462 2970 567 3034 Deum
589 2969 824 3054 quodammodo
844 2969 979 3033 colendo
1001 2970 1043 3033 ad
1063 2979 1191 3052 tempus
1211 2970 1377 3039 manserit.
1396 2969 1468 3053 llis,

173 3126 175 3130 .
298 3075 448 3159 inquam,
483 3074 635 3157 intelligit
667 3075 729 3137 hou
756 3076 932 3156 poeticum:
974 3074 1079 3138 Dulce
1114 3073 1223 3136 natale
1251 3073 1367 3138 solnm.
1412 3076 1466 3140 De

300 3195 365 3261 quo
388 3179 483 3240 etiam
505 3178 603 3260 Hugo
628 3178 684 3241 ille
716 3176 889 3260 Regularis
907 3178 993 3243 idem
1023 3186 1177 3260 testatur,
1203 3186 1256 3260 ut,
1284 3179 1398 3262 inquit,
1419 3180 1468 3242 ait

299 3280 428 3365 quidam
438 3324 449 3362 ,
471 3283 593 3364 nmcio,
622 3300 686 3364 qna
707 3281 815 3344 natale
836 3280 941 3345 solum
963 3279 1135 3346 dulcedine
1156 3290 1292 3345 cunctos
1321 3281 1410 3346 ducit
1430 3291 1466 3346 et

298 3385 503 3450 immemores
524 3403 588 3448 nou
609 3386 687 3447 sinit
708 3401 785 3446 esse
805 3386 865 3447 sui

383 3487 564 3551 Habuimus
586 3505 664 3570 ergo
686 3485 879 3570 duplicatam
912 3491 948 3550 in
968 3489 1030 3553 hoc
1058 3489 1129 3554 loco
1160 3507 1254 3555 sacre
1279 3487 1468 3572 jocundita-

176 3669 181 3680 Ι
298 3604 365 3658 tem
387 3604 421 3658 et
444 3591 773 3677 dulcedinem,·unam
795 3613 838 3658 ex
858 3595 1012 3657 memoria
1040 3595 1161 3657 receuti
1182 3594 1300 3658 natalis
1321 3593 1398 3675 soll,
1421 3593 1465 3656 ad

300 3698 387 3782 qnod
418 3717 479 3762 nos
501 3699 740 3779 convertimus,
759 3698 853 3763 aliam
882 3717 924 3760 ex
944 3699 1319 3782 praesentia-virginalia
1338 3695 1467 3783 tumuli,

301 3801 440 3885 quadiu
470 3813 644 3886 prospectu
665 3803 827 3884 vidimus,
849 3793 1027 3885 tetigimus
1047 3809 1082 3865 et
1103 3802 1144 3866 ad
1165 3804 1318 3886 placitum
1339 3811 1467 3866 tracta-

301 3907 419 3971 vimus.
463 3907 571 3970 Huius
593 3908 708 3971 tumuli
722 3906 889 3989 dispositio
911 3907 987 3970 talis
1019 3917 1079 3970 est.
1134 3906 1242 3991 Caput
1272 3910 1345 3971 sive
1365 3925 1466 3970 cacu-

301 4027 376 4072 men
402 4011 488 4072 aacri
510 4015 628 4074 montis
655 4011 758 4094 synai
800 4019 851 4072 est
882 4012 1025 4095 integra‘
1044 4019 1137 4094 petra
1157 4021 1190 4074 et
1209 4029 1291 4094 unu,
1317 4013 1351 4076 in
1372 4030 1467 4074 sum-

301 4115 415 4176 mitate
434 4113 532 4196 plana
553 4117 615 4196 ita,
639 4114 723 4197 quod
747 4111 856 4197 platea
875 4117 943 4191 (in)
964 4119 1114 4198 supernis
1135 4126 1187 4180 est
1215 4115 1371 4198 rotunda,
1400 4133 1467 4178 nou

301 4219 433 4282 multum
456 4219 544 4300 lata,
562 4219 690 4282 circiter
711 4236 773 4282 sex
804 4236 966 4300 passuum.
1011 4221 1235 4285 Pavimentum
1264 4220 1391 4303 plateae
1411 4227 1466 4283 est

300 4333 417 4388 vertex
457 4333 587 4407 petrae,
627 4331 660 4383 et
696 4341 754 4406 per
792 4323 959 4388 circuitum
994 4325 1028 4388 in
1071 4327 1216 4409 margine
1248 4326 1375 4409 plateae
1413 4332 1467 4388 est
