3240 5222
857 305 923 372 titt

313 492 493 574 avibusque
524 497 558 551 et
590 487 734 572 piscibus
782 489 974 573 cunctisque
1005 487 1223 553 animantibus
1252 493 1287 551 ot
1314 487 1484 573 reptilibus
1521 560 1527 569 ,

312 603 420 659 terrae
440 594 667 656 convenientia
700 594 854 676 imposuit
873 595 1002 656 nomina
1023 595 1057 656 iu
1090 595 1153 658 hoc
1174 613 1263 678 agro.
1305 595 1343 658 ln
1363 593 1485 677 imagi·

311 699 403 762 naria
422 717 551 782 quoque
573 699 700 762 visione
720 701 895 762 universae
916 698 1094 762 immobiles
1113 706 1300 780 creaturae,
1329 697 1485 762 videlicet

311 812 456 886 montes,
488 803 632 887 insulae,
667 804 783 887 marie,
817 805 949 868 arbores
987 813 1020 868 et
1051 821 1165 868 omues
1194 805 1316 867 herbae
1336 804 1399 867 sibi
1421 801 1484 865 ad-

307 908 430 976 ductae
450 917 541 992 aunt,
563 917 597 971 et
618 908 729 973 itidem
753 910 839 972 iecit.
872 909 930 974 Sic
951 928 1030 993 ergo
1052 910 1087 973 in
1108 910 1170 973 hoo
1192 927 1271 992 agro
1289 927 1353 971 non
1375 907 1483 972 solnm

311 1015 492 1100 plasmatus
513 1024 566 1078 est
587 1016 709 1097 primus
730 1016 840 1098 homo,
862 1014 920 1078 sed
946 1023 980 1077 et
1003 1014 1124 1098 primus
1156 1014 1268 1078 doctor
1289 1021 1323 1076 et
1349 1013 1484 1096 perlec-

312 1122 460 1186 tissimus
494 1121 649 1203 magister
685 1119 729 1181 ibi
764 1130 893 1183 creatus
920 1119 1054 1182 exstitit.
1108 1119 1184 1182 Non
1223 1117 1352 1182 dubium
1384 1116 1483 1180 alicui

313 1225 409 1290 debet
430 1244 522 1310 esse,
555 1228 633 1309 quin
655 1243 734 1308 eger
755 1221 810 1288 ille
839 1233 872 1286 et
892 1223 984 1287 locus
1023 1241 1063 1287 ac
1094 1233 1179 1287 terre
1199 1225 1245 1287 sit
1275 1222 1396 1304 optime
1416 1223 1483 1284 bu-

314 1350 430 1395 menae
451 1333 540 1394 vitae
567 1333 824 1412 proportionata,
860 1348 931 1410 non
956 1331 1040 1393 enim
1061 1329 1153 1392 Deus
1185 1327 1346 1391 domiuum
1376 1335 1482 1390 terres

312 1438 439 1501 creevlt
460 1443 493 1498 et
514 1436 670 1497 assumsit
701 1435 764 1497 nisi
796 1433 838 1495 de
859 1435 979 1516 optime
1000 1441 1107 1496 terrae
1129 1441 1228 1516 parte.
1272 1430 1367 1496 Unde
1385 1431 1482 1492 Plato

312 1541 408 1626 dicit,
431 1540 518 1625 quod
538 1541 573 1603 iu
593 1537 747 1622 Aegypto
770 1545 803 1599 et
824 1535 937 1620 Syria,
958 1537 1052 1620 cnjus
1072 1539 1201 1602 Judeea
1219 1555 1298 1620 pars
1323 1543 1384 1619 est,
1406 1535 1482 1597 lon·
1542 1544 1551 1558 ·

311 1663 439 1730 grevee
457 1647 547 1708 vitae
568 1645 777 1706 invenientur
796 1643 943 1705 homiues
965 1652 1096 1728 propter
1116 1644 1322 1728 aequalitatis
1343 1660 1480 1724 propor-
1563 1633 1566 1640 ’

310 1753 441 1815 tionem.
484 1747 589 1811 Adam
611 1767 691 1812 vero
712 1748 762 1810 sic
783 1747 923 1810 omnium
945 1757 1161 1812 creaturarum
1184 1767 1263 1832 rege
1283 1755 1318 1810 et
1339 1748 1480 1829 impera-

311 1866 382 1918 tore
403 1854 577 1917 constituto
615 1870 690 1916 mox
711 1851 823 1915 eodem
845 1852 898 1922 die
934 1873 1006 1917 eum
1039 1853 1197 1918 Dominus
1226 1853 1268 1916 de
1300 1852 1373 1915 loco
1399 1869 1480 1914 suec

211 1949 212 1954 ’
311 1957 538 2021 seminationis
570 1965 602 2019 et
624 1956 856 2021 iniormetiouis
888 1957 1053 2021 transtulit
1074 1959 1107 2022 iu
1128 1957 1312 2042 paradisum
1345 1943 1480 2020 delicia-

311 2084 381 2127 rnm
414 2065 522 2146 ibique
553 2041 617 2120 sibi
645 2058 774 2122 sociam*
788 2062 893 2126 Evam
916 2081 959 2126 ex
980 2080 1041 2126 sua
1070 2071 1164 2126 costa
1185 2062 1367 2126 fabricavit.
1410 2060 1479 2124 Sed

303 2176 447 2253 ,peccato
469 2165 705 2231 inobedientiae
725 2164 837 2230 eodem
853 2167 905 2230 die
919 2169 965 2231 ibi
985 2169 1158 2232 commisso
1184 2167 1280 2252 ejecti
1295 2177 1371 2232 sunt
1385 2168 1479 2230 ambo

311 2274 353 2339 de
374 2272 524 2358 paradiso
566 2281 599 2334 et
631 2272 747 2335 retrusi
784 2290 857 2336 cum
887 2273 1037 2356 originali
1070 2273 1166 2357 culpa
1199 2284 1232 2338 et
1268 2274 1409 2338 miseriis
1440 2289 1480 2335 ac

311 2381 518 2462 poeniseaur
547 2376 821 2458 consequentibus
851 2379 885 2438 ln
907 2378 994 2442 hunc
1021 2397 1152 2464 agmm,
1182 2388 1218 2442 ut
1239 2380 1294 2443 nbi
1315 2380 1480 2460 inceperat

310 2483 431 2546 hebere
454 2481 554 2543 vitam
579 2481 764 2566 gloriosam,
779 2483 824 2545 ibi
845 2481 978 2546 duceret
998 2486 1098 2548 ritem
1120 2483 1349 2547 calamitosam.
1370 2483 1480 2546 Malus

313 2588 397 2651 enim
418 2586 584 2668 Angelus,
607 2587 660 2649 oni
681 2606 797 2650 nomen
820 2596 872 2650 est
892 2588 1034 2671 lleseplr,
1057 2589 1090 2650 iu
1117 2589 1277 2671 serpentis
1297 2588 1403 2672 ligura
1422 2607 1481 2650 se-

313 2693 404 2757 duxit
424 2693 528 2756 Evam
551 2691 675 2755 invidia
695 2692 823 2776 ductus,
846 2696 952 2776 quiet
972 2694 1142 2756 Dominum
1158 2693 1272 2756 Jesnm
1294 2695 1327 2756 in
1350 2693 1479 2757 deserto

313 2817 493 2882 eggressus
515 2799 670 2881 tentavit,
703 2806 735 2860 nt
757 2797 893 2861 habetur
914 2799 948 2861 in
978 2797 1074 2881 Spec.
1096 2797 1172 2860 Nat.
1193 2799 1231 2860 [ι.
1255 2799 1294 2860 ll.
1327 2798 1423 2862 ((18.
1446 2805 1479 2860 el

311 2924 371 2988 per
390 2905 495 2966 Evam
515 2901 622 2966 Adam
644 2901 773 2985 dejecit.
796 2899 842 2979 (U
850 2905 892 2984 e)
937 2901 994 2965 Sic
1015 2920 1093 2986 ergo
1126 2902 1313 2966 ceciderunt
1342 2902 1384 2966 de
1411 2900 1479 2965 alto

311 3009 483 3092 inimum,
517 3009 558 3072 de
590 3008 663 3071 luce
694 3006 736 3070 ad
757 3008 925 3089 tenebras,
961 3005 1003 3071 de
1032 3006 1173 3070 incolatu
1201 3009 1234 3071 iu
1263 3007 1410 3090 exilium,
1439 3005 1482 3070 de

312 3112 406 3176 domo
429 3113 470 3174 ad
492 3111 640 3193 devium,
663 3110 705 3175 de
726 3129 835 3174 amore
860 3113 893 3176 iu
916 3112 1038 3196 odium,
1071 3112 1200 3175 derisu
1221 3115 1255 3174 in
1276 3111 1416 3193 luctum,
1438 3110 1481 3175 dc

312 3234 395 3300 pace
415 3217 449 3278 ln
478 3215 638 3298 jurgium,
675 3213 716 3276 de
738 3214 870 3279 dulcore
890 3215 932 3278 ad
953 3217 1168 3299 absinthium,
1199 3216 1240 3281 de
1261 3218 1478 3300 prosperitate

312 3318 352 3382 ((1
374 3319 609 3401 poenilitetem,
638 3317 679 3380 de
699 3320 858 3402 sospitato
888 3321 928 3384 ed
951 3323 1185 3405 infirmitatem,
1218 3321 1260 3385 de
1283 3321 1479 3384 abundantia

311 3423 353 3486 ad
375 3424 557 3507 penuriam,
590 3421 632 3485 de
659 3424 764 3506 gratia
784 3424 825 3488 ed
848 3425 994 3509 culpam,
1025 3425 1067 3489 do
1095 3413 1166 3490 ulta
1185 3426 1227 3490 ed
1259 3434 1411 3506 mortem,
1444 3433 1479 3488 et

312 3529 391 3591 lactl
425 3535 503 3590 suut
531 3527 674 3611 undique
700 3529 849 3593 fortunae
882 3531 1053 3595 ludibrium
1080 3541 1212 3615 propter
1242 3521 1479 3594 inobedientiae

310 3633 416 3716 viam,
441 3631 525 3716 quod
546 3635 660 3718 utique
680 3619 731 3699 est
753 3634 846 3698 radix
867 3637 1007 3699 omnium
1034 3636 1190 3699 malorum
1211 3644 1243 3698 et
1265 3635 1396 3699 hnmani
1416 3651 1479 3717 gc-

310 3739 399 3800 ueris
419 3738 569 3823 exitium,
591 3760 650 3822 per
671 3741 734 3804 hoc
754 3743 839 3803 enim
863 3742 956 3822 quasi
987 3743 1141 3805 reseratis
1162 3741 1310 3825 postibus
1329 3739 1479 3803 victricia

309 3845 391 3907 vitia
412 3843 519 3906 orbem
542 3845 705 3908 intravero
726 3855 892 3927 terrarum,
916 3845 1003 3909 uude
1023 3855 1155 3929 egestas
1187 3855 1220 3908 et
1240 3842 1478 3910 sollicitudines

310 3950 441 4031 anxiae,
462 3949 622 4031 pallentes
644 3950 747 4013 morbi
774 3957 809 4013 et
837 3952 951 4033 gravis
982 3951 1125 4034 pondere
1146 3951 1329 4014 miseranda
1357 3965 1478 4012 seriec-

309 4058 381 4134 tns,
412 4055 573 4133 servitus,
610 4054 756 4137 exilium,
797 4054 886 4118 labor
917 4055 1113 4136 indelicleus¹
1140 4064 1174 4119 et
1205 4073 1293 4120 mors
1312 4053 1477 4119 bominum

310 4156 436 4221 ineerta
456 4165 491 4220 et
517 4159 551 4219 lu
570 4158 702 4222 nihilum
725 4159 794 4220 lero
816 4143 968 4240 redigens
988 4168 1106 4222 cuncta
1125 4161 1188 4224 sub
1206 4160 1277 4224 solo
1297 4157 1475 4224 nascentia.

309 4259 394 4324 Nem
418 4260 543 4325 coelum
573 4261 694 4324 immite
722 4280 809 4325 nnnc
834 4262 946 4345 algore
977 4281 1066 4328 nuuc
1089 4273 1201 4348 aestu,
1233 4283 1320 4329 uuno
1345 4281 1478 4328 corrus-

308 4369 455 4430 oetloncs
486 4365 637 4450 crebras,
672 4366 813 4431 tonitma
855 4367 1082 4456 formidulosa,
1127 4371 1230 4455 ignite
1266 4368 1400 4434 fulmina
1444 4377 1478 4432 ct
