3232 5218
743 268 807 335 tte
886 286 888 290 ’

185 433 344 534 effectus,
381 449 509 512 Helena
551 458 653 513 mater
685 451 755 534 ejus
789 469 886 516 cruce
920 448 1053 514 inventa
1078 461 1111 515 et
1141 454 1235 519 idolis
1264 456 1354 538 ejac-

185 559 230 620 tis
264 573 365 637 super
397 554 470 619 loca
495 565 610 618 sancta
637 557 788 640 templum
810 560 1006 642 construxit,
1029 566 1061 620 et
1091 559 1233 624 conditio
1256 560 1354 648 Chri-

184 662 362 724 stianorum
378 661 548 724 meliorata
568 673 629 746 est,
650 661 846 726 Judaeortrm
869 683 947 727 vero
969 665 1060 747 pej0r
1079 663 1113 726 in
1135 663 1205 727 dies
1226 663 1354 748 effecta,
1410 714 1414 724 .

186 775 219 830 et
239 767 286 829 ita
306 783 480 848 cumpace
502 785 619 850 magna
630 766 807 832 Christiani
828 770 862 830 in
875 769 1057 833 Jerusalem
1078 769 1150 832 Deo
1171 772 1355 832 servierunt

185 870 250 933 LV
271 870 374 933 annis.
428 871 528 934 Porro
559 888 642 933 anno
664 873 794 936 Domini
817 871 1014 936 CCCLXlll
1044 874 1180 956 adeptus
1206 883 1257 936 est
1291 875 1354 936 im·

186 977 311 1058 perium
339 975 483 1040 turbator
518 976 610 1058 paois
642 976 784 1040 tidelinm
806 979 958 1043 Julianus
1001 982 1163 1062 apostatass
1184 997 1205 1040 a
1235 978 1300 1041 tide
1322 987 1355 1040 et

186 1099 208 1142 a
229 1080 394 1163 religionis
415 1080 627 1162 professione.
671 1078 735 1158 Qut
757 1083 903 1168 audiens,
923 1085 1009 1168 quod
1025 1094 1114 1148 esset
1124 1103 1156 1148 ιιι
1169 1083 1353 1147 Jerusalem

187 1185 330 1273 ecelesia
350 1185 495 1248 solennis
517 1194 548 1248 et
571 1196 751 1250 conventus
785 1191 943 1255 maximus
965 1190 1230 1271 Christianorum,
1262 1191 1354 1252 venit

185 1291 263 1354 illac
283 1299 317 1352 et
338 1291 472 1373 arripuit
492 1292 695 1354 occasionem
717 1294 917 1356 saeviendi'
908 1315 941 1358 ιιι
957 1294 1159 1358 Christianos
1181 1304 1215 1357 et
1234 1313 1352 1377 appre-

186 1397 323 1460 hensum
346 1404 492 1460 sanetum
507 1393 690 1479 cyriacum,
713 1399 801 1460 urbis
823 1399 1137 1482 Hierosolymitanae
1155 1402 1354 1482 episcopum,

187 1502 243 1586 qui
273 1501 380 1564 crucis
409 1507 544 1563 sanetae
570 1495 721 1564 in'ventor
754 1503 878 1585 luerat,
912 1522 985 1566 enm
1021 1503 1180 1568 crucifixit
1218 1522 1277 1585 pro
1299 1521 1349 1584 eo,

187 1609 264 1692 quia
294 1608 402 1670 erneis
433 1605 568 1688 gloriam
599 1606 810 1688 praedicavit.
831 1629 834 1636 ·
853 1612 926 1672 Hoc
947 1609 1065 1673 Judaei
1087 1609 1256 1672 audientes
1278 1625 1350 1670 oum

187 1713 328 1796 tripudio
356 1721 388 1775 et
409 1710 528 1795 gaudio
551 1721 779 1775 convenerunt·
800 1723 832 1777 et
861 1716 1047 1778 muneribus
1068 1715 1177 1778 multis
1199 1712 1352 1775 Caesaris

187 1818 333 1880 favorem
356 1816 601 1900 acquisiverunt
621 1825 654 1878 et
674 1817 875 1882 Christianos
898 1818 984 1902 apud
1004 1839 1075 1882 enm
1098 1816 1353 1903 magisodiosos

187 1922 344 1985 lecerunt.
385 1922 579 2004 Excogitato
601 1928 706 1983 autem
730 1921 844 2004 modo,
873 1944 937 2008 qno
961 1923 1165 1987 Christianos
1197 1907 1365 1999 turbaret,

186 2027 333 2092 iudaeos
354 2027 498 2091 exaltare
521 2025 668 2088 docrevit
689 2034 722 2086 et
743 2031 931 2092 convocatis
954 2028 996 2091 ad
1017 2047 1055 2092 se
1076 2029 1187 2111 primis
1212 2036 1245 2088 et
1267 2026 1353 2107 opti·

187 2132 251 2195 mis
268 2129 467 2195 Judaeorum
492 2130 720 2212 interrogavit,
754 2149 811 2194 cur
839 2151 902 2195 non
926 2132 1145 2204 sacrificarent
1165 2133 1237 2220 Deo
1271 2146 1352 2208 suo,

186 2255 261 2300 curn
282 2245 390 2298 tamen
412 2238 460 2298 eis
480 2235 535 2297 lex
556 2253 615 2297 sua
638 2233 679 2296 de
700 2235 868 2299 sacrificiis
890 2235 1051 2320 imperet'l
1074 2237 1119 2298 rlt
1139 2235 1187 2297 illi
1203 2232 1353 2295 occasio-

187 2358 262 2404 nem
282 2360 322 2404 se
345 2340 515 2402 invenisse
541 2340 695 2422 temporis
724 2342 794 2424 rati,
816 2360 880 2404 non
903 2361 1086 2426 possumus,
1108 2340 1266 2424 inquiunt,
1287 2336 1351 2398 nisi

187 2447 222 2508 in
242 2445 322 2533 'solo
344 2445 620 2528 Jerosolymorum
652 2445 773 2527 templo
806 2448 991 2511 sacrificare
1025 2445 1204 2511 secuudum
1218 2441 1220 2446 ’
1234 2443 1351 2526 legem,

189 2567 262 2612 enm
283 2559 388 2614 autem
409 2551 474 2612 iam
494 2549 646 2631 templum
658 2567 722 2613 non
742 2551 945 2616 habemusin
960 2553 1154 2634 Jerusalem,
1167 2549 1352 2625 sacrificare

188 2673 254 2720 non
274 2673 457 2738 possumus,
479 2673 540 2718 nee
560 2655 624 2736 hio,
645 2672 708 2716 nec
728 2655 812 2719 alibi.
856 2657 1023 2741 Rogamus
1045 2659 1143 2740 igitur
1171 2664 1257 2717 tuam
1280 2653 1350 2715 cle-

188 2764 352 2841 mentiam,
384 2761 478 2822 nohis
503 2758 682 2843 indulgeri,
709 2770 747 2824 ut
773 2762 925 2844 templum
954 2760 1163 2824 aedificemus
1184 2777 1244 2821 suo
1267 2756 1351 2837 loco,

187 2873 222 2928 et
242 2865 495 2928 sacrificabimus
517 2886 574 2948 pro
596 2873 651 2927 tua
672 2873 705 2927 et
725 2867 850 2948 imperii
867 2866 981 2929 salute.
1024 2864 1175 2948 Accepta
1195 2880 1273 2944 ergo
1294 2877 1350 2922 re-

120 3002 124 3010 ⁴
187 2969 363 3052 cuperandi
381 2969 534 3053 templum
556 2969 739 3032 licentiam
760 2978 880 3032 tautam
903 2970 1099 3033 dementiam
1108 2967 1226 3032 Judaei
1245 2981 1350 3028 vene·

189 3083 273 3157 runt,
306 3082 342 3137 nt
360 3071 523 3137 Juliannm
546 3082 724 3157 apostatam
747 3076 1031 3138 sceleratissimum
1063 3073 1252 3156 prophetam
1274 3085 1350 3132 esse

186 3181 222 3243 in
242 3179 315 3263 lege
336 3181 385 3242 eis
406 3183 599 3262 promissum
621 3181 740 3264 ubique
761 3181 974 3265 divulgarent.
1013 3181 1117 3262 Igitur
1138 3196 1181 3240 ox
1201 3173 1350 3238 omnibus

188 3285 271 3349 locis
303 3293 335 3356 et
361 3285 539 3366 provinciis
571 3256 754 3350 coirvenere
785 3284 914 3370 ludaei,
936 3285 1107 3367 locumque
1134 3280 1245 3364 templi
1275 3278 1350 3342 olim

186 3391 264 3473 igno
283 3389 442 3452 consumti
463 3389 597 3472 aggredi
625 3399 821 3473 coeperunt,
855 3391 974 3453 comite
1005 3390 1112 3508 operis
1146 3382 1346 3468 exsequendi

185 3497 227 3558 ab
249 3497 442 3577 imperatore
469 3511 637 3576 concesso,
657 3504 766 3557 sumtu
777 3495 905 3578 publico
926 3503 958 3557 et
969 3457 1095 3576 privato
1116 3491 1352 3581 administrato,

187 3610 221 3664 et
254 3617 308 3664 res
342 3601 428 3662 omni
462 3598 615 3660 instantia
649 3599 829 3680 gerebatur.
889 3600 1018 3662 Interea
1040 3597 1159 3660 ‚ludaei
1194 3594 1350 3657 insultare

185 3704 309 3769 nostris
339 3708 518 3786 coeperunt
557 3710 590 3765 et
621 3703 711 3765 velut
743 3703 901 3787 reparatis
936 3702 997 3765 sibi
1030 3702 1137 3783 regni·
1152 3698 1348 3782 temporibus

185 3809 373 3880 comminari
401 3807 508 3870 acrius
540 3824 580 3869 ae
604 3811 774 3871 saevitiam
798 3816 970 3886 ostentare,
1003 3823 1135 3889 prorsus
1169 3807 1202 3867 in
1232 3820 1349 3885 magno

188 3923 313 3978 tumore
335 3931 376 3976 ae
395 3912 547 3995 superbia
568 3930 676 3995 egere.

122 4021 128 4030 '
201 4077 206 4088 X
268 4018 421 4080 Praeerat
442 4025 548 4080 autem
579 4025 656 4080 tunc
685 4016 843 4081 ecelesiae
866 4013 1180 4098 Hierosolymitanae
1203 4010 1347 4094 Cyrillna

187 4121 377 4203 episeopus,
406 4123 459 4184 vir
488 4130 630 4185 sanctus.
667 4121 801 4204 Apertis
836 4120 934 4204 igitur
971 4117 1189 4182 fundamentis
1223 4115 1349 4199 lapidas

185 4223 339 4308 grandes,
362 4223 482 4308 caloes,
502 4236 679 4309 caementa,
705 4225 793 4308 ligna
811 4234 886 4288 snut
914 4223 1073 4306 adhibita,
1111 4221 1255 4302 nihilque
1276 4237 1348 4284 om-

186 4328 263 4394 nino
273 4327 395 4415 deerat,
417 4331 493 4414 qula
513 4338 644 4414 postero
654 4331 707 4394 die
717 4330 882 4394 veteribus
904 4328 1081 4392 deturbatis
1101 4342 1187 4392 nova
1200 4324 1349 4406 jacerent
