3212 5206
178 421 264 490 quse
294 401 336 467 rie
363 399 432 466 site
459 419 540 486 rupe
561 403 668 468 roisst
698 401 848 472 doorsom
871 421 930 488 por
948 411 1107 489 proetops
1128 405 1193 470 ruit
1221 415 1254 472 et
1278 407 1353 472 viso

176 510 322 574 direotoe
342 523 472 572 snrrrnu
493 506 625 570 inuenti
646 509 846 572 obstaculum
868 511 996 593 existit,
1018 511 1084 593 ito,
1116 509 1202 595 qnod
1223 521 1353 595 propter

176 614 299 679 molem
323 615 416 675 istem
439 619 567 694 oportet
588 611 698 676 tooere
718 615 897 678 eirenitnm.
940 615 1036 678 Esne
1056 623 1162 678 entem
1185 622 1374 696 rupturam*
1439 702 1442 708 Ι
1579 638 1587 681 ·.

176 729 289 804 petros
327 715 439 782 dieunt
468 726 614 799 temporo
641 717 757 780 Heliae
779 717 896 782 iootom
928 735 1016 801 esse,
1044 717 1172 802 qnando
1203 720 1233 782 ei
1259 721 1353 784 Deus

177 823 361 904 mandevit,
390 830 426 884 ut
447 819 488 884 tie
508 839 609 904 specu
632 823 743 884 exiret.
788 821 831 886 Et
852 821 927 885 dnm
950 830 1053 886 steret
1072 841 1180 888 eoram
1202 824 1351 906 Domino,

176 945 256 990 seeo
275 921 435 990 Dominus
456 925 585 988 transiit
612 935 646 988 et
671 927 808 1009 spiritns
827 928 962 1010 grundis
983 937 1015 991 ot
1038 929 1131 992 iortis
1152 929 1348 992 subvertens

176 1039 304 1096 montes
330 1039 362 1092 et
384 1035 558 1092 oonterens
579 1039 699 1113 petros,
718 1030 962 1115 3.ltog.x1x.‚
984 1033 1025 1096 de
1046 1034 1132 1098 ieoto
1155 1033 1238 1096 enirn
1256 1033 1351 1116 jortr

176 1135 265 1199 iilem
292 1143 413 1217 portem
444 1133 562 1199 montis
590 1143 642 1196 est
670 1136 800 1201 horrido
828 1147 990 1220 potrornrn
1012 1147 1043 1201 et
1065 1139 1190 1222 rupium
1221 1140 1350 1202 eversio

177 1248 210 1302 et
236 1239 360 1322 ruptio,
389 1238 484 1321 qussi
512 1237 688 1320 singularis
717 1251 894 1326 tempestus
915 1242 961 1305 ibi
979 1251 1177 1326 ¹grrtssosset.
1221 1243 1265 1306 itt
1286 1242 1350 1306 hoo

115 1386 120 1392 -
178 1343 367 1427 intelligunt
388 1341 506 1404 foetum
530 1357 606 1404 esse
626 1343 659 1402 in
685 1351 863 1425 conspeetu
874 1346 1000 1429 Heliae,
1021 1365 1085 1410 noo
1107 1345 1212 1410 solnm
1233 1345 1350 1428 imagi-

175 1450 304 1524 notive,
327 1447 386 1511 sod
409 1455 442 1509 et
463 1445 680 1528 corporaliter.
724 1445 819 1510 Unde
844 1449 1003 1532 Magister
1023 1452 1057 1514 in
1078 1448 1174 1534 Spoo.
1197 1450 1273 1514 hist.
1296 1450 1349 1513 ‹ii-

176 1554 232 1634 eit‚
252 1549 338 1635 qnod
357 1552 418 1615 trie
437 1550 504 1632 ills,
524 1551 557 1613 iu
575 1551 692 1633 qnibns
702 1569 767 1614 non
783 1561 851 1614 eret
861 1551 1031 1636 Dominus,
1051 1563 1144 1618 erent
1161 1553 1347 1638 corporolia.

174 1656 282 1720 Primo
310 1664 429 1720 ventus
458 1656 671 1737 fortissimus,
704 1665 876 1722 eonterens
904 1664 1033 1743 petres3
1063 1657 1207 1722 meando
1242 1669 1349 1722 terreo

176 1763 359 1843 commotio,
378 1759 575 1823 subvertens
594 1768 741 1842 montes5
762 1762 855 1824 tertio
875 1763 962 1844 ignis
982 1781 1130 1848 magnus,
1154 1765 1348 1827 eorobnrens

174 1873 208 1927 et
228 1881 425 1929 consumens
446 1871 481 1925 ot
501 1863 679 1926 incendens
702 1882 809 1948 rupes.
851 1865 895 1928 Et
922 1864 1009 1931 iliius
1036 1867 1196 1932 horribilis
1220 1877 1348 1951 tempo-

27 1995 57 2014 ’κ
174 1971 269 2034 stetis
290 1971 386 2052 signo
408 1965 503 2038 hodio
524 1976 688 2050 apparent.

258 2073 475 2138 Aseeodimns
506 2091 584 2155 ergo
612 2091 671 2156 per
701 2073 857 2137 oootritos
884 2072 1010 2156 lapides
1033 2083 1067 2137 et
1093 2090 1228 2138 eversos
1249 2089 1347 2156 rupes

173 2197 247 2243 oum
278 2192 396 2262 magno
430 2179 541 2241 isbore
560 2162 604 2240 'et
638 2176 757 2241 sudore
787 2186 819 2240 ot
849 2195 955 2261 poene
983 2195 1089 2263 nsque
1121 2178 1155 2240 in
1187 2177 1344 2240 verticem

173 2285 333 2348 venimus.

255 2387 325 2452 Sub
349 2387 518 2450 esoumioe
540 2389 572 2450 in
591 2385 710 2450 montis
731 2386 814 2451 ooilo
835 2388 985 2452 venimus
1006 2386 1048 2452 ed
1068 2395 1203 2471 petrem,
1225 2387 1258 2450 in
1280 2403 1346 2470 qus

170 2491 315 2556 ioremen
333 2499 403 2555 eret
423 2498 459 2554 et
479 2489 565 2553 istud
588 2491 731 2554 toramen
752 2491 910 2573 ostillon,
934 2491 1060 2578 dequo
1081 2494 1218 2558 hebetur
1237 2489 1343 2554 Exodi

171 2597 325 2660 xxxnt.
367 2593 450 2658 Cum
470 2595 554 2658 onim
572 2596 710 2678 Moyses
731 2596 890 2680 colloquio
912 2595 1041 2661 Domini
1061 2599 1229 2679 frueretur,
1251 2595 1343 2658 dosi-

174 2700 308 2764 derebet
334 2701 447 2766 videre
475 2699 591 2763 ieoiem
613 2699 674 2762 Dei
704 2709 738 2763 ot
764 2700 944 2765 cleritatem
969 2703 1040 2766 Dei.
1084 2702 1147 2766 Cui
1169 2700 1342 2764 Dominus:

174 2825 239 2868 oon
261 2806 381 2888 poteris
401 2804 514 2869 videre
536 2805 652 2868 iooiem
673 2822 794 2888 meum,
823 2825 891 2870 non
921 2809 1005 2871 euim
1031 2807 1156 2871 videbit
1177 2823 1228 2867 me
1249 2803 1343 2866 iromo

174 2919 208 2974 ot
229 2911 331 2978 vivet.
374 2910 462 2972 Eoos
474 2952 485 2991 ,
517 2915 570 2970 est
593 2908 685 2972 loeus
707 2910 793 2992 sputi
813 2929 882 2992 mo,
915 2913 1028 2996 inquit,
1051 2921 1085 2974 et
1111 2909 1216 2974 stabis
1243 2925 1343 2988 snper

174 3023 300 3098 petrem
322 3029 457 3096 eoruqrre
477 3014 682 3095 pertransibit
698 3015 802 3098 glorio
829 3011 912 3082 mes.
947 3013 1068 3076 Portum
1091 3019 1126 3074 to
1145 3013 1178 3075 in
1199 3012 1343 3076 iorsmeo

172 3126 285 3202 petrae
306 3127 339 3182 ot
358 3125 527 3200 portegrrm
548 3126 582 3180 ts
604 3119 738 3182 dextero
759 3137 840 3181 mee.
872 3120 910 3181 ln
931 3118 1035 3200 ipsorn
1056 3135 1134 3200 ergo
1157 3116 1343 3199 voraginem

173 3223 253 3287 lieet
280 3229 403 3286 erotem
431 3233 463 3290 et
488 3227 654 3306 striotsm,
682 3224 716 3286 in
743 3241 808 3307 quo
828 3225 966 3308 Moyses
995 3239 1152 3285 reonrvns
1174 3225 1208 3284 in
1229 3228 1344 3283 ventre

62 3352 67 3361 ·
169 3327 286 3410 jooons
308 3327 371 3392 fuit
394 3345 415 3391 s
435 3327 573 3394 Domino
595 3329 732 3412 positus,
754 3329 944 3392 immisimus
964 3345 1025 3391 uos
1042 3329 1139 3391 etiem
1161 3325 1342 3389 devotionis

174 3451 302 3496 ornsstt.
351 3430 435 3495 Cum
463 3432 572 3496 iobore
598 3437 684 3496 euim
712 3432 755 3497 sd
781 3434 990 3516 intitutionem
1017 3432 1193 3516 prophotas
1220 3431 1253 3492 in
1281 3429 1344 3492 lroo

170 3537 328 3600 foramine
346 3553 406 3598 uos
425 3538 631 3600 Involviurns.
673 3539 733 3602 list
755 3539 839 3602 enirn
862 3537 1006 3601 foramen
1031 3537 1192 3619 prnlnlnm
1213 3554 1233 3598 tt
1258 3543 1343 3598 tem

171 3651 289 3725 estque
314 3639 492 3704 demissum
513 3651 546 3706 et
568 3661 631 3706 non
652 3643 768 3726 eitum,
799 3643 862 3706 nisi
892 3640 978 3724 qnod
999 3641 1064 3723 (b)
1085 3641 1180 3704 homo
1201 3642 1235 3702 in
1257 3647 1344 3702 terro

40 3747 45 3760 '
170 3756 265 3809 stsos
286 3751 395 3827 potest
415 3747 561 3810 extensis
581 3748 722 3811 breehiis
743 3764 816 3810 onrn
844 3748 952 3829 ospito
972 3762 1011 3808 se
1039 3745 1259 3809 intromittere.
1303 3741 1341 3806 st

169 3859 278 3913 sutem
307 3849 377 3913 vnit
407 3850 501 3913 etiem
530 3861 663 3933 pootore
690 3855 824 3936 intrare,
858 3859 1000 3934 oportet,
1030 3849 1117 3935 quod
1143 3867 1182 3912 se
1214 3848 1342 3912 lovets

172 3964 262 4018 torre
294 3963 328 4016 et
358 3961 449 4018 tuno·
464 3956 613 4039 brechio,
645 3965 760 4040 peetus
788 3965 822 4020 et
853 3962 951 4040 osput
981 3965 1058 4020 sunt
1084 3951 1214 4039 quidem
1242 3955 1340 4034 intus,

144 4141 149 4148 .
171 4057 232 4122 sed
253 4077 349 4123 orure
369 4077 441 4124 oum
464 4069 534 4124 toto
550 4064 729 4146 posteriore
749 4070 841 4145 porto
862 4069 953 4124 extro
974 4059 1156 4146 dependent
1176 4061 1218 4124 sb
1235 4058 1342 4124 ombi-

170 4159 245 4241 iieo,
265 4172 298 4225 et
318 4163 363 4227 ite
383 4167 478 4230 homo
492 4167 582 4250 jooot
600 4169 694 4251 qussi
715 4168 799 4231 inter
822 4167 903 4231 dnos
914 4168 1026 4254 molus,
1048 4168 1124 4254 quio
1140 4181 1213 4228 oum
1226 4171 1341 4228 ventre

167 4262 256 4346 jooot
290 4285 388 4352 super
408 4279 532 4352 pertoro
562 4279 677 4355 potrse
702 4271 887 4338 inferiorem
916 4272 1099 4340 et.dorsuro
1120 4269 1237 4353 promit
1262 4279 1339 4350 pers
