3132 5206
822 223 864 288 1⁰

263 429 268 438 ·
343 399 451 473 xxii.
466 399 589 466 Nostra
605 401 718 466 militlu
735 413 787 466 est
802 403 931 485 justior.
953 401 1038 468 Nsor
1056 418 1173 470 omues
1194 403 1285 470 oliuo
1305 403 1437 469 militine

259 509 380 575 hubent
400 509 533 592 sliquos.
547 506 723 589 injustitias
744 526 891 573 annexus
912 515 945 572 et
965 510 1203 594 improbitates,
1220 509 1308 574 hunc
1329 517 1437 572 sutem

262 613 394 680 divinoe
415 623 449 678 ct
470 613 629 676 bumsnsc
646 612 793 694 justitiae
814 615 961 679 inuititur
996 622 1032 678 et
1052 614 1181 702 legibus
1213 612 1438 697 imperialibus

261 717 486 803 otprprlihus
508 716 681 800 regulatur

262 849 276 858 ··
345 825 465 888 XXIII.
498 822 559 886 llst
579 821 694 885 militis
729 831 842 887 nostru
873 824 978 907 mugis
1008 823 1190 907 opprobuts
1220 830 1256 886 ct
1279 821 1440 886 roborate.
1490 875 1496 894 ,

261 929 372 1013 scopo
401 929 486 992 enim
520 927 694 1013 contingit,
726 925 813 1013 quod
845 927 964 991 milites
984 928 1020 992 in
1054 946 1119 992 uno
1150 927 1227 992 loco
1257 929 1340 992 fecti
1375 945 1440 990 non

261 1042 413 1098 tenentur
445 1032 485 1097 ub
514 1031 588 1096 sliis
614 1051 673 1115 pro
704 1031 874 1117 militibus,
906 1031 966 1096 sed
1007 1031 1211 1118 denumtur,
1249 1043 1285 1096 et
1319 1031 1441 1096 milites

149 1138 157 1151 “
260 1139 435 1204 muliebres
455 1136 510 1202 vel
533 1137 652 1201 milites
671 1145 828 1204 cattorum
850 1145 1087 1220 nuncupentur,
1108 1155 1171 1201 neo
1191 1137 1344 1202 sdverss
1364 1154 1441 1222 psrs

262 1265 320 1329 pro
344 1243 498 1306 militibus
520 1250 609 1305 tenet
640 1250 812 1308 contrusa
833 1241 946 1306 sectos.
990 1238 1084 1319 Quod
1107 1252 1209 1308 totum
1231 1263 1304 1309 nou
1334 1251 1388 1306 est
1407 1245 1440 1304 iu

260 1351 325 1416 buo
343 1347 473 1429 militie,
492 1346 553 1410 ssd
572 1365 687 1414 omues
707 1367 767 1431 pro
789 1347 943 1412 militlbus
962 1354 1126 1410 tenentur.

346 1451 474 1521 XXIV.
495 1451 619 1516 Nostro
638 1452 752 1517 militis
772 1461 824 1516 est
841 1453 1010 1537 antiquior.
1041 1452 1179 1536 Semper
1200 1455 1294 1517 enim
1319 1471 1341 1515 s
1362 1467 1442 1534 pss-
1489 1443 1494 1452 “

262 1559 357 1623 sione
387 1555 511 1622 Christi
541 1563 779 1622 treusmeuutcs
808 1567 939 1642 propter
970 1557 1043 1622 loco
1072 1576 1167 1622 sucro
1187 1577 1252 1642 pro
1285 1557 1442 1622 militibus

263 1662 463 1836 wlff&
476 1765 570 1828 llaec
591 1763 705 1829 militis
725 1775 777 1830 ost
797 1767 903 1850 magis
924 1763 1157 1832 desiderabilis.
1187 1765 1296 1846 Quod·
1317 1783 1361 1828 ex
1380 1764 1442 1830 hoc

27 1953 78 1979 ,Ι
168 1915 173 1923 ·
264 1881 364 1958 petet,
386 1873 464 1956 quio
482 1868 538 1954 illi,
560 1870 617 1953 qui
637 1869 714 1933 slihi
732 1871 811 1934 fecti
833 1880 910 1935 sunt
930 1872 1060 1955 milites,
1083 1891 1148 1937 non
1168 1879 1261 1936 stent
1283 1867 1441 1950 contenti,

263 1977 324 2042 sed
344 1977 429 2042 ultro
449 1982 618 2060 occeptum
637 1974 782 2042 militium
800 1977 987 2042 desiderunt
1008 1985 1160 2040 nostrum.
1184 1978 1331 2060 Insuper
1351 1981 1441 2039 tento

265 2081 428 2148 desiderio
458 2079 552 2144 miles
580 2084 688 2146 sencti
708 2083 876 2166 sepulchri
908 2081 1111 2164 scoenditor,
1143 2081 1231 2164 quod
1254 2081 1300 2145 orl
1322 2080 1441 2158 locum,

156 2186 165 2230 '-
265 2191 321 2254 ubi
341 2187 505 2272 occeperit
526 2185 687 2270 mititiam,
719 2187 846 2272 regredi
876 2189 1049 2252 desidmst.
1092 2185 1324 2252 communiter
1356 2181 1443 2246 enim

260 2295 329 2378 illi,
349 2295 406 2377 qui
426 2293 461 2356 iu
481 2301 567 2356 terro
587 2300 703 2358 sencto
723 2293 871 2375 bierunt,
892 2295 1011 2358 iterum
1034 2290 1140 2356 redire
1160 2290 1309 2373 vellent,
1343 2287 1442 2352 ulum
1535 2329 1537 2374 3

174 2457 177 2464 .
267 2393 365 2462 nullis
386 2396 587 2460 obstantibus
599 2395 772 2478 periculis.
815 2397 873 2462 Sic
894 2415 959 2462 nou
980 2396 1022 2461 de
1042 2395 1125 2460 eliis.
1146 2429 1150 2436 ·

338 2491 473 2563 XXVI.
495 2501 557 2563 list
573 2510 686 2564 nostro
706 2499 820 2563 militis
841 2500 1025 2565 ordinatior.
1068 2501 1155 2564 Nom
1176 2502 1336 2586 onuquuo
1358 2499 1441 2560 ritus

265 2605 355 2670 illins
375 2604 509 2668 militine
530 2605 605 2688 fuit,
626 2603 713 2688 quod
734 2602 843 2668 nullus
862 2603 904 2667 od
926 2619 996 2668 cum
1019 2607 1233 2690 acciperetur,
1252 2605 1322 2669 nisi
1341 2604 1441 2684 ioge-

267 2729 353 2776 nuns
373 2729 394 2774 o
415 2718 552 2795 quotuor
586 2708 853 2794 progenitoribus·
873 2717 909 2773 et
933 2712 1122 2794 spectabilis
1143 2727 1266 2795 genere
1287 2714 1384 2772 esset
1405 2705 1439 2764 tn

267 2825 336 2881 toto
355 2814 523 2901 parentele
543 2813 623 2896 (Β)
668 2811 827 2892 Quemvis
855 2817 935 2880 ritus
963 2816 1019 2880 ille
1048 2835 1113 2880 uon
1135 2823 1251 2878 exacte
1281 2816 1440 2876 servetur

264 2921 350 3006 jsm,
382 2924 459 3005 quio
479 2921 575 2985 etism
596 2919 757 3003 ignobiles
777 2920 812 2983 io
834 2920 953 2986 milites
973 2921 1211 3004 percutiuntur,
1233 2920 1322 2982 sicut
1347 2921 1384 2977 et
1405 2912 1440 2973 in

269 3022 334 3086 ntia
356 3019 479 3084 militis.

351 3119 490 3188 xxvu
520 3125 640 3190 Militis
671 3136 782 3191 nostru
812 3137 864 3196 est
895 3129 1044 3191 humilior
1073 3136 1107 3188 ct
1138 3124 1322 3208 pollentior.
1369 3117 1442 3182 Alii

265 3229 387 3312 milites
409 3227 623 3312 dedignentur
637 3247 710 3295 oum
726 3231 799 3295 otus
819 3233 1032 3316 simplicibus,
1049 3229 1105 3315 qui
1121 3247 1186 3292 non
1205 3235 1282 3290 sunt
1295 3223 1441 3303 nobiles,

268 3335 389 3397 hebere
408 3336 615 3418 consortium,
637 3343 670 3397 et
691 3335 838 3400 invident
859 3336 1007 3400 tortuose
1026 3337 1183 3400 minomnr
1204 3349 1251 3395 se.
1280 3327 1350 3394 Sed
1371 3344 1441 3392 non

225 3429 229 3436 ’
265 3439 321 3502 sic
340 3438 460 3502 milltes
478 3440 584 3503 suncti
605 3439 778 3526 sepulchri,
793 3443 849 3524 qui
866 3440 987 3505 nullum
1005 3446 1171 3525 spernunt,
1186 3452 1300 3502 omnes
1321 3451 1440 3497 secum

270 3543 435 3627 potiuntur
455 3544 618 3626 proticisci
646 3554 680 3608 et
700 3545 861 3609 neminem
893 3545 1059 3629 objiciunt.
1101 3544 1334 3628 'l'rrnslrstsnt
1347 3538 1438 3602 enim

269 3649 304 3711 in
324 3648 508 3712 Jcmsslem
529 3666 602 3713 cunr
624 3651 809 3735 monachis,
831 3651 1050 3736 presbyteris,
1082 3648 1334 3740 mercstoribus,
1363 3659 1438 3707 mc-

272 3753 436 3837 cbsniots,
457 3752 615 3817 mendicis
637 3755 848 3840 pauperihus,
878 3757 942 3820 imo
964 3763 1131 3819 transeunt
1151 3771 1226 3818 cum
1247 3748 1438 3816 mulieribus

268 3865 304 3920 'et
321 3857 451 3940 vetulis,
473 3873 546 3922 curn
569 3859 704 3943 Reginis
721 3868 754 3923 et
776 3856 981 3938 monialibus,
1002 3877 1066 3923 nec
1085 3868 1199 3924 curent
1215 3857 1320 3921 istum
1340 3851 1437 3918 oblo-

268 3962 418 4026 cutiones
436 3959 633 4046 derisorum,
655 3966 711 4047 qul
731 3963 858 4049 diunt,
878 3963 1028 4030 militium
1048 3965 1155 4028 suncti
1174 3960 1340 4046 sepulchri
1359 3973 1438 4022 esse

270 4065 459 4130 muliebrem
490 4073 624 4150 propter
652 4067 836 4133 vetulorum
878 4069 1166 4134 concomitantiam.
1215 4069 1269 4131 De
1299 4079 1436 4150 quorun

147 4211 155 4224 ι
269 4172 427 4236 societate
447 4189 512 4236 nou
533 4171 639 4236 solum
661 4188 726 4236 non
746 4171 1026 4254 verecundantur,
1048 4174 1113 4257 imo
1132 4171 1286 4256 gaudent,
1307 4178 1340 4233 et
1360 4168 1437 4232 inde

271 4285 431 4361 quaerunt
451 4277 514 4341 sibi
533 4275 679 4359 leudem,
701 4276 787 4360 quod
809 4277 953 4342 militium
974 4295 1066 4342 suom
1091 4275 1303 4362 temporalem
1324 4274 1359 4338 iu
1377 4271 1436 4336 tull
