3132 5206
720 365 722 368 Ι
819 267 862 333 28

261 452 410 516 venimus
437 447 478 514 ad
506 445 665 531 quandam
694 434 866 513 eoelesi'mn
897 447 1083 530 pulchram,
1116 447 1168 510 eni
1203 450 1443 514 monasterium

261 574 396 640 parvum
418 561 470 617 est
492 571 670 635 annexum,
702 553 733 616 iu
765 573 830 638 quo
851 554 997 618 habitant
1019 555 1171 636 Georgiei
1188 553 1442 620 monachicum

261 661 416 724 uxoribus
433 657 512 720 auis.
534 659 679 740 ingressi
700 665 808 720 autem
829 658 1000 721 ecclesiam
1021 657 1108 724 ducti
1130 659 1250 723 luimus
1271 657 1312 722 ad
1330 659 1443 721 altare

261 764 384 846 majus,
413 759 500 845 quod
521 762 624 825 altare
649 761 764 825 dicitm
794 764 829 824 in
859 781 899 826 eo
929 763 1002 826 loco
1033 766 1151 847 situm,
1187 766 1220 827 iu
1251 781 1315 846 quo
1347 762 1443 844 stips

262 877 396 933 sanctae
416 870 525 930 crucis
546 867 659 930 crevit.
683 865 759 930 ldeo
783 867 879 930 etiam
900 867 1043 932 ecelesia
1063 870 1097 930 in
1118 868 1272 932 bonorem
1295 873 1444 930 sanem

261 975 368 1039 culcis
390 981 443 1036 est
457 978 650 1036 consecrata
675 980 734 1034 et·
755 970 873 1035 dicitur
901 969 945 1035 ad
975 979 1285 1038 sanctamcrueenr.
1327 972 1442 1034 Porro

260 1080 322 1144 sub
342 1078 435 1141 altari
457 1085 509 1141 est
529 1076 637 1157 fovea,
661 1077 696 1138 in
716 1092 811 1159 quam
830 1076 1151 1160 nos-inclinavimus,
1175 1087 1208 1142 et
1228 1086 1346 1141 terram
1370 1075 1455 1138 de·-
1541 1113 1543 1138 r

261 1184 404 1249 osculati·
428 1198 542 1245 sumus
579 1189 612 1244 et
649 1179 868 1263 indulgentias
903 1179 984 1262 (††)
1031 1183 1195 1266 plenariae
1233 1180 1442 1246 remissionis

107 1283 110 1298 '
220 1350 223 1358 ,
261 1292 460 1373 acecpimus.

343 1395 394 1457 De
413 1396 487 1476 ipsa
507 1397 614 1453 autem
637 1391 734 1454 fovea
763 1390 1001 1478 recrearimus,
1038 1395 1129 1478 [narn
1150 1409 1192 1454 ex
1215 1389 1271 1472 ea]
1295 1390 1442 1472 respirat
1483 1421 1488 1430 ·

262 1501 359 1581 odor,
382 1517 448 1582 quo
468 1492 575 1560 allecti
598 1493 720 1558 diutius
736 1491 775 1556 'in
797 1494 859 1557 loci
879 1492 1121 1558 deosculatione
1139 1498 1327 1560 manslmtrs.
1358 1494 1440 1576 Ap-
1483 1525 1488 1532 ·

261 1606 471 1684 portaverunt
491 1601 587 1661 etiam
610 1601 704 1664 nobis
727 1599 891 1662 brachium
912 1599 949 1668 S.
975 1600 1155 1682 Barbarae,
1177 1597 1264 1681 quod
1289 1599 1439 1662 deoscu-
1481 1605 1483 1610 ’

261 1705 320 1768 lati
341 1719 463 1767 sumus.
504 1703 569 1767 Hic
591 1714 643 1766 est
664 1704 756 1767 locus
778 1703 834 1765 ille
854 1703 1060 1787 benedictus,
1081 1723 1123 1766 ex
1144 1721 1208 1788 qna
1229 1704 1331 1767 crevit
1352 1703 1438 1766 illud
1482 1721 1487 1728 ·

262 1808 361 1871 dulce
390 1808 531 1890 lignum,
572 1809 694 1873 bonore
726 1808 908 1872 divinitatis
939 1808 1092 1891 dignum,
1129 1807 1217 1890 quood
1247 1809 1440 1871 nescientes

262 1920 392 1976 veteres
413 1910 601 1975 idololatrae
622 1917 761 1996 figurate
780 1911 1045 1995 praefiguramus
1064 1911 1150 1975 Nam
1172 1929 1245 1977 eum
1268 1912 1354 1995 apud
1375 1929 1439 1976 eos
1466 1962 1469 1966 .

262 2016 427 2082 decretum
452 2025 543 2080 essm
563 2017 634 2081 lleo
656 2017 765 2081 facere
784 2015 1006 2102 simulacrum,
1042 2025 1193 2081 accurate
1223 2017 1349 2080 ratione
1370 2018 1439 2080 boc

184 2110 192 2129 '
261 2120 466 2186 simulacrum
499 2121 618 2185 debere
653 2121 727 2186 deri
754 2139 818 2184 non
840 2141 882 2185 ex
904 2141 998 2206 aure,
1032 2139 1094 2185 nee
1114 2132 1265 2205 argento,
1308 2139 1370 2184 nec
1392 2121 1438 2185 de

261 2227 385 2310 lapide,
408 2225 468 2288 sed
489 2244 532 2289 ex
552 2225 658 2311 liguo,
683 2235 845 2309 tamquam
879 2245 921 2290 ex
942 2226 1253 2290 convenientissima
1287 2228 1435 2309 materia,

133 2352 134 2356 ¹
264 2340 301 2396 ut
321 2330 420 2394 habet
439 2327 600 2395 Eusebius
619 2333 660 2395 de
682 2331 839 2413 arrange
862 2332 1050 2413 Praeparat.
1073 2331 1094 2393 l.
1116 2331 1147 2396 3.
1171 2349 1200 2394 c.
1219 2331 1253 2396 3.

351 2435 432 2496 Post
453 2433 629 2497 orationem
653 2435 688 2496 in
710 2435 790 2498 atrio
812 2435 973 2499 ecclesiae
993 2435 1199 2500 consedimus
1225 2433 1267 2498 ad
1288 2451 1436 2517 pausan-

265 2537 340 2602 dum
369 2536 552 2622 paululum,
581 2555 710 2600 eramus
736 2539 821 2600 enim
851 2537 957 2604 adhuc
979 2539 1098 2624 jejuni,
1131 2549 1164 2604 et
1191 2539 1279 2603 calor
1310 2541 1434 2622 incepit

265 2643 459 2716 fervescere,
479 2642 579 2725 aliqui
603 2651 711 2706 autem·
733 2641 775 2706 de
794 2645 974 2726 peregrinis
995 2645 1137 2727 ingressi
1157 2645 1287 2727 tuguria
1305 2643 1434 2706 illorum

98 2782 110 2804 ι
174 2771 190 2798 =
265 2748 492 2814 monachorum
514 2748 735 2830 petebant,si
761 2747 918 2812 baberent
943 2748 1063 2832 aliquid
1086 2745 1240 2812 coctnmi
1272 2747 1339 2812 Sed
1370 2765 1435 2814 uec

264 2854 421 2937 coquinas
445 2871 507 2915 noc
540 2853 622 2917 ollas
650 2852 791 2916 vidimus
821 2853 854 2916 iu
886 2855 959 2917 istis
990 2853 1208 2934 domunculis,
1241 2861 1318 2915 surrt
1346 2854 1434 2916 enim

265 2960 458 3043 pauperrimi
476 2959 632 3024 homiues.
655 2959 794 3022 Interea·
805 2959 894 3022 venit
915 2957 1043 3041 quidam
1056 2957 1265 3038 Sarracenos,
1289 2966 1435 3040 sportam

265 3072 397 3147 portans
417 3080 490 3125 cum
511 3063 630 3143 botris,
652 3061 830 3146 dequibus
852 3061 987 3125 emimus
1009 3071 1041 3125 et
1060 3060 1328 3126 manducavimus
1358 3079 1434 3125 cum

265 3185 365 3249 pane,
387 3184 483 3249 quem
505 3165 539 3227 in
560 3165 701 3230 sacculis
727 3166 895 3230 nobiscum
924 3167 1141 3252 perierimus,
1173 3173 1207 3228 et
1228 3165 1269 3232 de
1289 3167 1434 3231 cisterna

266 3268 494 3334 monachorum
510 3287 613 3353 aquas
631 3269 806 3333 hausimus.

349 3372 561 3440 Juxtrnuoc
580 3374 687 3438 lecum
707 3383 795 3438 stant
815 3374 936 3439 multae
956 3376 1080 3461 olivae,
1105 3383 1143 3439 ot
1163 3386 1214 3440 ast
1233 3377 1328 3460 quasi
1341 3374 1435 3439 silva
1474 3403 1481 3426 =

267 3479 477 3542 olivarunet
493 3477 639 3542 ficorum.
684 3478 805 3544 Dicunt
826 3487 948 3563 autam,
968 3481 1065 3566 -quod
1096 3480 1248 3546 etiamid
1269 3481 1345 3546 bec-
1359 3480 1434 3543 loce

203 3617 210 3629 ·
266 3581 420 3647 Salomon
441 3583 629 3648 viridarium
649 3584 805 3666 habuerit,
819 3583 969 3667 ad1qued
983 3585 1176 3671 quaudoque
1189 3582 1433 3648 dederasalem

266 3696 382 3752 vectus
402 3705 501 3752 aureo
523 3707 618 3755 curru
639 3707 698 3771 pro
718 3687 833 3754 solatio
858 3689 993 3752 venerit.
1026 3688 1109 3754 Cum
1130 3707 1209 3773 erge
1231 3690 1434 3772 respirasse-

121 3824 130 3839 ·
187 3815 196 3837 τ
266 3795 527 3877 mus‚.ascensis
559 3793 662 3856 asinis
683 3813 741 3878 per
761 3793 882 3861 clivtuu
903 3795 938 3858 iu
959 3794 1061 3858 aliurn
1078 3794 1312 3876 ascendimus,
1344 3793 1431 3855 viam

264 3914 418 3962 saxosam
449 3908 483 3963 et
513 3913 682 3980 asperam,
709 3909 743 3964 et
778 3902 813 3961 iu
839 3898 1059 3982 superioribus
1080 3897 1233 3962 uidimus
1265 3898 1431 3962 ciuitatem
1475 3929 1481 3938 ·

264 4011 410 4066 sauctm
433 4020 455 4066 a
484 4003 578 4066 mobis
599 4002 794 4086 denotem,
823 4011 856 4066 et
877 4003 1008 4068 domum
1027 4001 1191 4069 Simeonis
1217 4002 1432 4087 pertransivi-

263 4125 337 4172 mus
358 4126 418 4190 per
447 4107 520 4172 vias
553 4107 636 4170 iuter
668 4108 833 4170 hortorum
863 4109 1029 4171 macerias.
1073 4109 1112 4170 ln
1142 4126 1335 4192 progressu·
1352 4109 1432 4172 vero

261 4211 589 4297 appropinquantibus
610 4211 703 4274 nobis
720 4210 904 4275 Jerusalem
924 4211 1117 4276 intravimus
1138 4213 1248 4276 vicum
1269 4213 1431 4296 quendam

261 4315 662 4399 intermortuarum
688 4316 896 4399 praebentem
917 4317 997 4400 iter,
1020 4319 1273 4404 nescientem,
1298 4337 1361 4403 qut
1390 4318 1433 4382 de
