3202 5218
187 482 315 569 quidem
339 483 432 546 miles
455 480 536 547 dixit
559 481 600 546 nd
632 502 699 546 me:
721 501 817 566 eone,
839 483 955 565 inter,
977 479 1362 552 numinenumine:

186 607 206 652 ο
228 589 373 672 diabolo,
395 607 484 650 mure
512 587 658 672 effugere
678 605 739 652 nos
760 607 824 652 uou
845 597 975 672 posset,
999 585 1061 650 sed
1091 587 1271 676 bounded
1293 591 1361 675 (b)

185 695 343 777 videmus,
366 696 451 778 fugit
472 711 492 756 ο
513 694 616 776 uobis,
630 693 703 758 ideo
726 712 815 758 mare
835 710 900 756 nou
922 702 984 775 esr,
1000 692 1069 756 sed·
1082 690 1230 757 dieboius
1250 703 1360 760 treus·
1449 729 1450 732 ¹

185 799 343 862 inrmntus
362 801 396 862 iu
411 817 509 862 mure.
538 799 619 862 Cum
640 809 747 862 nutem
762 799 811 861 soi
828 797 1011 879 oooidioeei,
1028 799 1358 882 oppropinqnnvimus

186 905 266 988 muri
287 913 319 966 et
341 898 476 966 dnm'de
497 903 595 966 iimbo
617 902 817 984 descendero
831 902 989 966 vellemus
1007 901 1050 965 ed
1063 919 1191 985 equom,
1206 905 1357 970 venimus

185 1007 218 1071 iu
241 1008 358 1091 inrum,
381 1009 413 1071 iu
435 1007 521 1091 qnod
543 1009 625 1070 usiui
645 1025 749 1090 usqne
774 1005 975 1072 ‘an''vmrre's
997 1005 1165 1071 sedebunt.
1207 1008 1357 1072 Deseou·

185 1110 291 1176 dimus
311 1131 389 1196 ergo
416 1131 488 1176 oum
517 1113 655 1175 maximo
676 1110 893 1194 incommodo,
915 1113 991 1195 quie
1013 1115 1109 1175 etism
1130 1112 1302 1177 ineidimus
1323 1123 1374 1179 et·

187 1215 312 1279 ednoiis
331 1219 444 1282 bestiis
465 1219 498 1280 in
531 1216 651 1280 aridem
680 1235 738 1280 eus
761 1217 802 1280 nd
824 1219 951 1300 spineta
970 1215 1205 1299 ooiligevimus.
1247 1219 1357 1283 inire·

183 1322 290 1384 vimus
313 1341 391 1404 ergo
413 1323 511 1386 iudum
540 1333 572 1385 et
594 1340 668 1385 oum
690 1321 799 1386 labore
825 1339 929 1405 usque
957 1323 990 1385 iu
1015 1339 1132 1403 equum
1154 1321 1355 1406 devenimus,

183 1423 237 1486 ubi
256 1443 390 1507 pervum
405 1436 437 1490 ei
459 1431 551 1494 irisio
570 1427 720 1490 solsiinm
731 1427 912 1508 hebuimus,
925 1443 987 1488 ueo
1007 1434 1121 1489 vestes
1136 1426 1355 1511 deposuimus,

182 1527 241 1592 sed
263 1514 404 1594 Breviter
433 1549 548 1595 menne
580 1533 719 1594 invimus
750 1541 784 1594 et
805 1533 899 1595 uobis
930 1532 1012 1615 ipsis
1043 1523 1202 1614 indigenti
1223 1532 1353 1616 inimus,
1408 1616 1411 1622 Ι

181 1635 267 1719 quod
289 1643 377 1698 tenio
398 1637 541 1720 pen'enio
563 1638 634 1700 sine
654 1636 791 1700 utilitate
812 1653 873 1698 nos
894 1635 1114 1717 exposuimus,
1158 1635 1254 1700 hobis
1275 1655 1354 1720 ergo

183 1741 331 1802 menibus
360 1741 527 1823 quosdam·
540 1751 760 1804 monstruosus
781 1749 959 1804 ostreorum
981 1748 1085 1802 resim
1106 1741 1291 1822 necopinum
1312 1740 1361 1806 de

162 1845 166 1851 “
182 1844 289 1907 littore
308 1847 342 1908 in
364 1845 591 1926 testimoninm,
607 1843 753 1928 quodnd
776 1863 864 1908 ruere
882 1848 1010 1908 rubrum
1033 1843 1219 1926 fuissemus,
1241 1852 1275 1907 et
1295 1863 1354 1929 per

183 1948 282 2013 lurum
306 1949 347 2013 ed
369 1951 479 2013 esiuos
512 1948 773 2031 reeseeudimus,
796 1967 860 2012 uou
881 1949 953 2031 loti,
975 1948 1035 2013 sed
1055 1947 1194 2030 sordidi,
1212 1965 1277 2012 nou
1297 1968 1354 2013 ro-

184 2055 338 2139 frigernii,
351 2055 411 2118 sed
433 2054 565 2138 unxisti,
580 2073 644 2118 unu
663 2055 750 2134 lueri,
764 2054 824 2116 sed
841 2055 966 2136 moesti,
988 2055 1078 2116 otiis
1098 2070 1118 2114 s
1139 2053 1219 2117 meri
1240 2071 1356 2124 renes-

181 2163 292 2224 simus.
334 2161 413 2224 Erat
445 2170 550 2223 eurem
584 2161 649 2223 iam
681 2178 745 2222 unx
775 2160 837 2241 ite,
859 2166 893 2220 ni
922 2173 984 2220 nee
1015 2157 1157 2239 vestigia
1188 2159 1352 2224 asinorum

182 2265 308 2350 quidem
340 2275 522 2330 nnsirorum
542 2263 656 2327 videre
685 2263 802 2347 quovis
833 2262 928 2326 modo
944 2279 1133 2346 possemus,
1156 2262 1258 2347 uude,
1277 2281 1351 2328 num

180 2389 293 2434 omues
314 2373 546 2456 ignoraremus,
566 2387 624 2453 per
644 2387 738 2452 quum
762 2370 846 2431 viem
869 2369 924 2431 vel
946 2367 988 2432 ad
1008 2384 1104 2450 quem
1125 2368 1254 2452 pingam
1277 2377 1352 2434 tou·

179 2473 258 2537 dere
278 2477 384 2558 magis
405 2474 607 2557 deberemus,
626 2483 659 2538 et
680 2491 753 2537 enm
774 2473 818 2536 de
837 2474 899 2537 hon
920 2471 1108 2556 oniiitigerio
1128 2474 1231 2557 fleret,
1252 2471 1353 2566 aliqui
1469 2461 1472 2470 ’

180 2579 220 2641 (1ο
252 2581 432 2663 peregrinis
471 2579 711 2644 descenderunt
741 2578 783 2643 de
815 2578 916 2642 nsiuis
949 2587 997 2640 et·
1012 2579 1155 2660 vestigia
1186 2579 1350 2642 asinorum

179 2685 327 2747 menibus
348 2684 570 2766 quaeritabant
591 2685 624 2746 in
651 2684 742 2766 solo,
761 2683 821 2746 sed
842 2682 922 2746 uibil
943 2685 1024 2747 eerii
1046 2690 1176 2764 propter
1196 2683 1350 2747 ieuebru

178 2787 325 2849 iuvenire
346 2796 494 2870 poterent
521 2797 553 2850 et
582 2789 616 2849 iu
638 2787 819 2851 omnimode
852 2787 1051 2850 dubiiniioue
1077 2787 1225 2850 stetimus
1253 2789 1350 2870 iguo-

179 2901 305 2973 reures,
326 2892 367 2955 ed
386 2911 482 2976 quum
503 2901 625 2976 purtem
648 2892 756 2956 ieeies·
777 2897 908 2956 nostrus
930 2900 1120 2956 oouveriere
1143 2890 1344 2954 deberemus.

179 2993 336 3060 Sieiimns
357 3015 436 3080 orgo
456 3006 489 3059 ot
509 3013 569 3059 nos
586 2997 676 3078 ipsos
691 3007 814 3060 menore
835 2996 1066 3077 consuluimus,
1086 2997 1161 3080 quie
1182 2995 1350 3079 mniiipiiei

178 3099 274 3164 modo
295 3111 429 3164 moriem
450 3099 544 3163 uobis
564 3101 730 3164 imminere
752 3103 923 3165 sensimus.
967 3099 1105 3179 Quidem
1127 3099 1350 3185 eomuiebnut,

177 3205 263 3289 quod
296 3225 360 3270 nou
382 3205 519 3289 emplius
540 3204 806 3288 procederemus,
828 3206 887 3285 ssd
909 3207 953 3269 ibi
984 3207 1041 3270 uxi
1068 3225 1173 3291 usqne
1199 3207 1240 3270 ud
1264 3206 1349 3270 diem

176 3329 391 3395 maneremus,
404 3312 480 3395 quie
498 3328 670 3395 possemus
692 3312 742 3373 sie
757 3313 790 3374 iu
807 3313 948 3375 tenebris
960 3311 1103 3394 perionis
1123 3313 1217 3376 uobis
1237 3313 1350 3396 ignote

175 3416 337 3500 innidere,
359 3435 422 3481 use
443 3425 532 3480 esset
551 3416 707 3500 possibile
728 3416 769 3480 ed
790 3417 898 3480 sonios
926 3418 1039 3480 venire
1059 3419 1093 3480 in
1117 3425 1183 3480 tem
1210 3417 1349 3481 onuiuse

175 3520 359 3602 latitudine,
381 3522 415 3583 iu
453 3539 548 3584 mene
580 3531 687 3584 entem
724 3520 799 3584 inne
823 3521 935 3584 habite
963 3537 1135 3603 posse-us
1164 3538 1222 3583 eos
1242 3520 1347 3604 sequi.

172 3621 202 3686 Ι
224 3623 384 3686 contrario
406 3623 462 3686 ulii
482 3623 642 3706 messem,
658 3625 721 3687 hoe
743 3625 912 3687 eonsilium
934 3641 1011 3686 esse
1031 3625 1126 3686 nobis
1139 3623 1346 3704 moriiiernm,

173 3730 250 3812 quie
272 3737 395 3791 eertum
426 3729 521 3790 uobis
542 3735 628 3810 erut,
651 3724 737 3810 qnod
769 3731 935 3789 treuseete
955 3724 1061 3788 medin
1091 3733 1189 3788 noete
1209 3723 1347 3791 Cuiiuue

173 3849 246 3896 eum
269 3835 413 3898 exercitu
442 3847 481 3894 se
502 3829 544 3892 de
577 3830 648 3894 ineo
675 3847 808 3894 movere
830 3829 960 3893 volebat
980 3838 1013 3892 et
1033 3829 1064 3892 si
1087 3845 1149 3894 uos
1179 3847 1284 3914 usque
1303 3829 1347 3898 ed

172 3935 279 4002 luoem
301 3951 515 4020 moneremus,
539 3934 594 4000 ilio
616 3941 683 3999 toio
704 3919 758 3998 dis
786 3932 860 3998 illos
881 3933 1122 4018 apprehendere
1142 3954 1208 4001 nou
1227 3955 1347 4021 posse-

172 4059 256 4120 mus,
272 4049 307 4106 et
325 4043 373 4107 iis
392 4059 531 4106 neeesse
545 4049 634 4106 esset
654 4057 716 4106 uos
735 4037 1157 4126 descensionemque
1177 4042 1219 4108 ed
1240 4045 1346 4108 mium

172 4143 297 4208 dnobus
323 4145 437 4212 diebos
458 4158 491 4211 et
512 4148 660 4212 uberibus
682 4165 747 4211 uon
767 4163 939 4230 mosomus
963 4147 1085 4211 bebere
1104 4147 1268 4230 elimenes,
1290 4147 1344 4210 ui·

171 4245 217 4311 bii
248 4248 332 4313 euim
365 4253 533 4317 nobiseum
569 4269 819 4335 susceperamus
847 4251 890 4318 de
920 4252 1117 4316 neeessedis
1147 4253 1247 4332 virne,
1283 4267 1345 4314 ueo

174 4369 289 4435 equom
312 4371 374 4418 nee
401 4375 528 4441 penem,
549 4365 675 4422 einum
697 4357 759 4422 boo
786 4355 844 4419 iile
870 4355 927 4418 die
947 4355 1121 4440 prneierirs
1142 4371 1245 4438 pesse
1264 4355 1344 4426 uibd
