3240 5222
179 549 183 554 .
298 509 340 562 ne
361 496 564 561 contumeliis
581 495 787 560 afficerentur
807 504 839 558 et
853 497 943 578 pueri
957 493 1207 561 §amoenorum
1224 514 1287 561 nes
1308 506 1472 578 vexareris

176 615 179 620 “
298 600 550 684 cumlapidibus
579 610 612 665 et
639 621 681 664 uc
703 608 887 682 rumperent
909 601 1002 664 nobis
1027 601 1095 684 (b)
1117 602 1186 665 viui
1207 599 1358 697 vaseula,
1382 603 1471 664 sicut

297 723 398 787 saepe
417 706 596 788 contigisse
621 707 666 770 ibi
697 705 890 768 audivimus.
934 705 1192 768 Declinavimus·
1209 723 1288 788 ergo
1315 724 1336 767 a
1366 713 1472 768 strata

229 832 232 840 ¹
296 809 428 893 publica
447 811 483 870 in
501 826 614 892 agrum
635 807 797 892 'quendam
826 810 993 874 arboribus
1012 807 1154 872 ‘floormn
1181 801 1321 892 plenum,
1342 817 1378 872 et
1406 811 1470 872 sub

297 914 465 977 arboribus
485 913 550 977 illis
573 929 673 975 onere
693 913 736 976 de
756 915 870 976 bestiis
892 913 1068 997 posuimus,
1084 920 1122 975 ut
1142 913 1262 976 ibidiei
1277 913 1471 976 abscessum

301 1025 575 1100 exspectaremus.
618 1018 656 1080 ln
673 1019 728 1082 illo
750 1037 829 1101 agro
842 1016 1060 1110 consedimus
1081 1017 1334 1080 et'comedimus
1355 1034 1396 1079 ac
1418 1016 1471 1079 bi-

297 1122 420 1200 bimus,
443 1139 527 1204 quse
547 1120 590 1184 ad
615 1140 743 1185 manum
765 1122 953 1206 babuimus,
977 1139 1039 1184 neo
1059 1124 1169 1204 ignem
1197 1119 1378 1186 accendere
1397 1121 1472 1184 ausi

201 1249 227 1256 ··
277 1223 495 1307 ·luimt1s,ut
516 1225 636 1308 aliquid
654 1225 849 1295 calefactum
870 1233 1092 1309 gustaremus,
1115 1219 1175 1288 'sed
1193 1215 1325 1289 caseum
1346 1233 1383 1288 et
1407 1243 1472 1308 pa-

190 1419 192 1424 ·
299 1333 372 1390 neni
393 1347 451 1411 pro
482 1330 616 1410 prandio
644 1333 818 1418 sumsimus
843 1339 875 1392 et
894 1330 1001 1412 -flcns,
1033 1349 1169 1413 quarum
1190 1331 1284 1412 copia
1315 1329 1360 1404 ibi
1382 1337 1466 1409 eret,

298 1439 445 1494 mattarae
477 1440 511 1496 et
547 1433 676 1517 dulces,
709 1436 751 1498 (le
785 1436 952 1498 arboribus
983 1435 1138 1518 legimus,
1185 1433 1228 1497 de
1258 1435 1377 1525 quibus
1407 1450 1471 1515 ego
1607 1453 1616 1515 ,¹

266 1559 268 1566 ·
298 1535 428 1598 nimium
467 1536 592 1602 comedi
612 1532 661 1602 'et
699 1558 835 1622 poenam
874 1557 937 1603 non
977 1539 1134 1602 modicam
1174 1539 1354 1621 reportavi,
1384 1555 1500 1618 ‚namn

301 1658 343 1702 ex
363 1641 561 1702 comestione
582 1641 638 1704 illa
658 1649 831 1728 utrumque
849 1644 968 1706 labium
992 1646 1066 1708 oris
1096 1646 1159 1707 mei
1185 1643 1292 1706 subito
1318 1641 1472 1704 intumuit
1605 1654 1617 1755 p

263 1763 265 1767 ·
302 1752 334 1805 et
349 1737 483 1807 'scabies
505 1745 727 1812 abominabilis
742 1767 802 1831 per
819 1749 987 1811 circuitum
1000 1746 1065 1810 oris
1084 1745 1241 1827 excrevit,
1256 1763 1296 1808 se
1313 1746 1344 1808 si
1359 1744 1472 1827 leprae

299 1850 430 1912 scabies
451 1849 670 1934 luisset,1ita,
689 1851 774 1933 quod
795 1855 857 1940 vix¹
876 1869 914 1915 os
934 1854 1062 1935 aperire
1081 1850 1171 1932 potui
1191 1850 1288 1912 etiam
1309 1847 1472 1911 medicum
1607 1872 1611 1905 t

210 1937 214 1943 ¹
300 1952 553 2017 adsumendum
574 1955 680 2019 eibum
702 1965 735 2020 et
755 1963 865 2040 potum
886 1956 1122 2036 neceesarium3
1146 1943 1245 2016 etita
1262 1953 1342 2016 steti
1360 1951 1472 2014 multis
1606 1954 1610 2035 ζ

300 2055 415 2119 diebus
436 2059 469 2120 in
491 2059 590 2122 multa
610 2063 774 2144 passione.
795 2059 957 2126 Dixerttct'
976 2061 1051 2122 mihi
1073 2057 1204 2142 quidem
1225 2057 1361 2139 experti,
1383 2055 1472 2138 quod
1607 2060 1611 2081 ¹

301 2177 343 2223 ex
364 2164 562 2226 comestione
582 2173 741 2228 tantarum
760 2166 878 2228 bouum
901 2162 1046 2227 febrilem
1065 2163 1243 2248 ‘materiam
1267 2160 1473 2242 conceperim
1608 2206 1612 2237 ,

301 2275 350 2328 ct·
367 2265 550 2350 bumorem,
583 2271 637 2351 qui
659 2267 701 2330 ad
721 2267 808 2331 labia
829 2267 1069 2348 se'eontraxi13
1099 2264 1185 2350 quod
1207 2267 1237 2329 ri
1264 2267 1392 2330 factum.
1405 2282 1472 2326 nou

303 2370 439 2453 fuisset,
464 2374 559 2454 gravi
580 2373 861 2455 febre-correptus
888 2371 1034 2441 inissem.
1074 2371 1150 2452 Ego
1168 2387 1248 2433 vero
1269 2369 1471 2472 suspicabor,

303 2474 388 2556 quo'd
419 2474 515 2536 doum
555 2495 683 2540 veneno
716 2476 853 2558 alicujus
892 2477 1019 2550 vermis
1051 2474 1204 2538 inlectam
1245 2473 1471 2540 comedissem.

195 2589 201 2600 ·
298 2579 403 2660 igitur
418 2587 496 2640 ¹cuni
519 2581 569 2645 sol
589 2580 773 2664 occidisset,
795 2591 894 2644 onera
913 2579 1046 2643 camelis
1067 2587 1099 2642 et
1124 2579 1226 2641 asinis
1246 2579 1472 2660 imposuimus,

301 2691 337 2746 et
357 2681 399 2747 ad
420 2683 543 2746 Gazam
566 2683 705 2768 proiecti
725 2701 854 2766 sumus,
877 2693 1035 2772 et'paene
1054 2683 1089 2760 in
1110 2684 1253 2746 tenebris
1284 2683 1395 2746 urbem
1416 2683 1471 2747 in-

300 2791 408 2870 gressi
428 2806 541 2851 sumus
566 2808 625 2872 por
656 2789 786 2872 longum
810 2791 918 2852 vlomn
940 2806 1044 2871 nsque
1075 2788 1115 2849 ad
1136 2788 1376 2870 peregrinorum
1405 2787 1469 2850 bc-

302 2894 442 2974 spltium.
485 2883 522 2956 ln
545 2892 631 2978 quod
653 2911 726 2956 cnm
747 2894 887 2976 ingrcssi
909 2891 1102 2974 fuissemus,
1124 2910 1188 2954 non
1221 2891 1391 2974 potuimus·
1408 2905 1470 2952 uos

302 2985 435 3060 movere
454 3007 585 3081 propter
613 2999 676 3062 looi
709 2997 946 3079 arctitudinem,
980 3015 1042 3059 neo
1070 2998 1172 3079 potnit
1201 2995 1292 3059 locus
1323 2994 1472 3057 homines

302 3119 420 3184 capere
450 3103 524 3164 siue
554 3102 759 3186 supellectili.
783 3101 884 3174 'Cum
918 3119 1035 3184 magna
1059 3118 1149 3183 ,crgo
1180 3097 1413 3181 indignatione
1429 3097 1472 3159 ‹la

302 3203 502 3265 habitatione
529 3207 690 3266 exivimus
730 3212 763 3265 et
791 3204 1079 3268 'l'rutsohelmanno
1106 3203 1263 3286 diximus,
1297 3202 1383 3285 quod
1405 3220 1471 3264 neu

301 3305 460 3368 vellemus
482 3324 543 3369 nee
564 3325 735 3389 possemus
756 3307 789 3368 in
813 3306 884 3370 loco
910 3308 965 3372 illo
988 3327 1136 3389 manere,
1160 3317 1194 3369 et
1216 3309 1279 3370 nisi
1301 3304 1475 3390 provideat

303 3411 397 3472 uobis
419 3410 460 3472 dc
482 3410 586 3473 latiori
619 3409 712 3491 loco,
746 3419 857 3472 contre
891 3430 963 3473 eum
985 3430 1092 3476 coram
1124 3411 1289 3495 praelecto
1320 3407 1472 3473 (lexarae

302 3514 508 3596 interpellare
528 3512 688 3578 vellemus
713 3522 874 3595 tamquam
896 3501 1009 3579 contre
1030 3508 1304 3598 transgressorem
1329 3515 1472 3596 promis-

302 3637 360 3682 sae
381 3619 457 3712 lidei
487 3619 521 3680 in
543 3619 654 3702 quinto
675 3617 810 3681 articulo
842 3621 1085 3697 conventionis,
1124 3631 1159 3683 ut
1179 3629 1270 3704 patet
1299 3619 1337 3687 P.
1361 3619 1389 3681 1.
1412 3617 1483 3680 felt

300 3721 372 3786 itta.
417 3723 490 3786 lloo
512 3741 584 3787 oum
605 3721 786 3785 audivisset
815 3731 847 3784 et
875 3723 930 3787 diu
958 3713 1125 3788 nobiscnm
1146 3723 1377 3804 contendisset,
1395 3721 1472 3802 jus-

302 3827 346 3914 sit
369 3844 429 3890 nos
461 3815 670 3910 exspectare,
692 3835 724 3888 et
746 3827 818 3909 ipsc
840 3830 997 3910 equitavit
1022 3848 1080 3913 per
1101 3829 1267 3892 civitatem
1283 3827 1366 3890 binc
1388 3823 1466 3887 inde

302 3946 462 4011 quaerens
483 3932 661 4011 pronobis
683 3929 797 3994 locum.
841 3931 999 3994 Stetimus
1020 3949 1098 4014 ergo
1121 3932 1175 3996 diu
1203 3934 1253 3996 sic
1272 3934 1306 3995 in
1329 3930 1472 3994 tenebris

302 4034 483 4116 compressi·
501 4036 535 4096 in
567 4037 679 4098 stricto
702 4035 776 4097 vioe
807 4037 891 4098 inter
910 4036 1022 4098 asinos
1047 4046 1079 4100 et
1100 4038 1242 4100 camelos
1275 4053 1348 4098 cum
1369 4051 1474 4116 parva

108 4179 111 4186 -
171 4211 173 4214 ¹
301 4139 457 4228 patientia
479 4139 513 4198 ln
535 4136 633 4200 mullo
652 4139 820 4215 timoreet
841 4147 988 4220 tremore,
1009 4158 1052 4201 ne
1072 4137 1156 4210 forte
1176 4139 1293 4225 aliquis
1313 4138 1473 4202 tumultus

302 4247 415 4302 contra
436 4257 496 4302 nos
517 4247 708 4324 emergeret.
747 4238 889 4302 'landem
921 4249 1027 4307 autem
1049 4246 1139 4308 venit
1160 4243 1473 4307 'l'rutschelmaunus

178 4405 182 4412 ,
265 4333 269 4342 “
303 4349 337 4406 et
358 4359 419 4408 nos
441 4343 540 4427 longe
557 4345 598 4408 ab
619 4337 676 4407 illa
697 4341 791 4408 domo
812 4343 854 4406 ad
875 4343 973 4408 alium
995 4339 1086 4412 tinxit¹
1106 4347 1229 4440 locum,
1261 4347 1319 4410 nbi
1340 4343 1472 4429 quidem
