3202 5218
909 347 973 412 516

356 544 491 630 potione
513 546 565 601 est
585 531 667 599 adeo
688 531 818 614 suavis,
839 538 875 593 nt
896 527 1004 592 nullus
1025 525 1109 588 elius
1126 533 1230 608 potus
1252 538 1293 581 eo
1315 516 1423 581 bablto
1442 512 1515 576 deai-

357 649 496 714 derctur.
540 641 599 705 Sic
620 649 653 702 et
671 639 725 702 bic
746 635 893 700 similiter
923 632 1036 695 dulces
1058 639 1091 692 et
1121 643 1258 690 amaras
1290 639 1392 709 aquas
1412 617 1516 700 reperi·

356 771 439 820 mus.
483 748 560 812 Vidi
587 755 695 808 tamen
723 743 758 805 in
789 728 926 825 quodam
953 725 1026 799 loco
1058 743 1166 796 terrae
1195 737 1334 794 nostrae
1360 728 1394 789 in
1422 721 1516 786 eodem

300 865 301 868 ’
355 860 429 924 loco
451 855 625 940 qualitates
646 847 791 931 ejusdem
819 863 924 928 aquae
956 841 1062 924 magis
1091 835 1273 901 mirabiles.
1318 831 1404 894 Nam
1437 842 1517 908 supra

300 987 303 992 ·
353 960 588 1027 Conllueutiam
610 971 710 1037 prope
735 949 888 1035 oppidum
917 948 1081 1028 Nassow,
1115 941 1234 1006 ebullit
1256 937 1300 1001 de
1331 945 1424 1020 petra
1449 945 1517 1013 aqua

353 1084 463 1131 amara
484 1071 519 1126 et
541 1058 645 1124 calida
654 1069 659 1112 ξ
667 1066 700 1120 et
721 1054 763 1118 de
796 1056 885 1118 rimis
906 1071 946 1116 ac
967 1050 1121 1114 scissuris
1143 1041 1298 1128 ejusdem
1321 1049 1432 1126 petrae
1450 1033 1516 1098 call·

357 1171 427 1235 tlior
449 1178 481 1232 et
498 1167 645 1244 amarior,
670 1169 703 1224 et
724 1160 830 1225 dulcis
855 1167 889 1220 et
911 1157 1027 1240 frigida
1049 1151 1200 1217 similiter
1223 1150 1324 1210 etiam
1349 1146 1393 1208 ibi
1414 1139 1518 1222 reperi-

355 1286 408 1340 tur
429 1282 461 1336 ct
486 1269 603 1354 frigide
625 1274 659 1328 ct
680 1282 789 1328 amare
808 1264 964 1343 similiter,
984 1268 1143 1323 ettamen
1165 1264 1274 1318 totum
1298 1250 1341 1313 de
1362 1265 1425 1311 uua
1443 1250 1518 1334 petra

354 1387 491 1443 emanat.
536 1372 661 1436 Dicitur
693 1380 801 1431 autem
835 1369 927 1432 locus
957 1364 1014 1428 ille
1043 1362 1284 1438 Wasserems,
1318 1356 1354 1416 in
1375 1369 1437 1435 qno
1457 1355 1517 1409 sunt

352 1481 568 1548 habitationes
596 1493 654 1557 pro
674 1474 816 1538 balneari
836 1474 881 1536 ibi
902 1471 1105 1553 volentibus,
1127 1467 1205 1551 quia
1228 1479 1339 1547 aquae
1359 1457 1434 1521 illae
1462 1469 1518 1513 me·

356 1583 515 1650 dieiuales
536 1588 623 1644 sunt.

435 1685 620 1769 Adaquatls
642 1685 752 1767 itaque
772 1679 866 1744 uobis
889 1687 922 1742 et
942 1679 1057 1742 bestiis
1077 1695 1096 1741 a
1113 1677 1185 1740 loco
1202 1671 1322 1737 lestini
1341 1661 1517 1732 recessimus

354 1803 387 1858 et
408 1794 522 1855 iterum
544 1789 578 1852 in
597 1795 771 1851 torrentem
792 1784 890 1847 alium
912 1782 1096 1846 horribilem
1114 1779 1272 1842 venimus
1292 1782 1327 1838 et
1349 1790 1422 1836 cum
1440 1768 1471 1829 in
1488 1777 1518 1822 co

310 1919 312 1923 ·
355 1897 475 1963 diutius
511 1893 798 1979 processissemus,
810 1891 853 1952 ¹in
874 1897 966 1972 parte
988 1886 1060 1968 ejus
1089 1877 1302 1949 ascendimus
1332 1880 1377 1942 et'
1396 1865 1518 1937 camelos

354 2010 484 2066 nostros
522 2001 556 2064 in
593 1999 658 2062 alto
690 2015 710 2059 a
746 1996 844 2080 longe
880 1993 1110 2075 conspeximus
1144 1988 1372 2074 procidentes,
1412 1973 1519 2040 canello

307 2174 312 2180 ,
360 2117 467 2172 autem
489 2103 593 2190 gradu
614 2120 672 2165 eos
687 2100 754 2184 (b)
776 2099 881 2162 secuti
902 2115 1014 2161 sumus
1035 2106 1068 2159 et
1088 2094 1163 2158 dum
1178 2094 1220 2157 ad
1240 2109 1301 2156 eos
1321 2083 1519 2154 venissemus

359 2229 445 2295 aqua
467 2211 500 2274 in
532 2209 695 2294 amphoris
730 2205 890 2270 calefacta
922 2203 984 2266 luit
1006 2210 1039 2264 et
1070 2200 1192 2264 inutilis
1224 2197 1269 2262 ad
1305 2188 1475 2279 potandum
1493 2184 1518 2238 tl

356 2313 588 2401 aliquantulum
611 2313 717 2394 salsa3
741 2329 835 2396 quam
859 2309 969 2371 statim
992 2308 1077 2369 onim
1100 2305 1180 2369 solis
1202 2304 1350 2367 calorem
1373 2309 1453 2376 aqua
1473 2281 1518 2347 illl

357 2421 474 2501 sentit,
507 2416 550 2479 ad
581 2414 825 2479 amaritudinem
856 2411 967 2475 tendit.
1009 2413 1046 2474 ln
1077 2411 1132 2474 ille
1159 2409 1213 2473 die
1242 2389 1517 2471 ambulavimuslr

357 2523 496 2598 maximo
517 2519 598 2584 solis
620 2528 714 2582 aestu
735 2537 794 2602 per
818 2525 981 2580 torrentes
1003 2514 1189 2577 mirabiliter
1210 2511 1365 2575 desertos
1386 2510 1419 2566 et
1437 2492 1518 2561 steri·

297 2723 299 2730 y
359 2628 427 2710 les,
449 2629 482 2690 in
507 2643 580 2688 sero
602 2633 711 2688 autem
733 2621 893 2705 quendam
915 2629 1089 2685 torrentem
1114 2617 1329 2697 intravimus,
1358 2623 1450 2694 quem
1468 2614 1517 2660 nt·

358 2734 523 2797 minabant
543 2729 750 2811 lnaccraram,
773 2737 806 2790 et
828 2728 861 2789 in
884 2743 922 2792 eo
944 2726 1083 2787 tentoria
1103 2723 1234 2786 fiximus
1254 2721 1354 2804 juxta
1374 2715 1518 2796 petrosum

358 2839 490 2918 clivum,
505 2835 546 2900 de
567 2853 634 2919 ¹quo
656 2850 754 2916 rupes
775 2833 920 2896 minaces
945 2828 1181 2912 dependebant.
1206 2823 1410 2906 Accepimus
1428 2817 1517 2874 anteo

362 2941 498 3012 lectulos
519 2947 649 3004 nostros
671 2946 705 3000 et
735 2953 909 3002 cavernam
933 2952 1081 3016 magnam
1105 2931 1271 2996 intulimus
1297 2938 1330 2991 et
1350 2925 1395 2988 ibi
1416 2925 1518 2980 001180·

358 3047 485 3126 dimus,
516 3045 589 3118 odio
608 3045 694 3106 culm
725 3043 896 3107 babuimus
918 3040 1088 3103 tentorium
1111 3047 1144 3100 et
1165 3054 1229 3099 non
1252 3035 1393 3098 libenter
1412 3019 1468 3086 sub
1486 3027 1516 3074 οῦ

359 3153 563 3236 quievimus,
585 3148 661 3230 quie
682 3146 824 3230 copulati
845 3155 878 3208 et
896 3143 1002 3226 juncti
1034 3141 1214 3205 adinvicem
1246 3131 1408 3222 pediculis
1428 3117 1517 3204 repli-

362 3258 475 3316 bamur
497 3269 582 3314 unus
602 3250 643 3312 dc
664 3250 738 3312 alio.
762 3249 885 3312 Omnes
905 3257 1029 3332 petrae,
1049 3265 1146 3330 rupes
1168 3253 1200 3308 et
1221 3246 1341 3308 humus
1364 3235 1448 3302 illius
1466 3217 1516 3286 1⁰⁰i

361 3365 453 3420 erant
476 3355 516 3417 de
537 3363 625 3417 terre
646 3354 829 3436 albissima,
851 3352 938 3415 unde
959 3352 1094 3435 pulvere
1117 3351 1190 3412 albo
1211 3342 1383 3431 conspersi
1404 3334 1515 3400 tuimur,

361 3478 402 3523 ac
429 3461 459 3522 si
481 3459 658 3521 linissemns
678 3458 713 3518 in
747 3474 812 3518 utro
843 3457 971 3521 turbido
1003 3454 1186 3520 molendino
1218 3453 1260 3517 de
1293 3452 1405 3515 larius.
1447 3433 1516 3498 Diffi

361 3574 470 3630 autem
500 3569 666 3626 sarmenta
698 3560 945 3644 collegissemns
984 3571 1015 3624 et
1048 3574 1279 3643 coqueremus,
1317 3536 1516 3618 circuiverunt

361 3669 514 3735 ductores
534 3669 637 3733 nostri
658 3677 692 3730 et
716 3668 845 3730 Arabes
867 3669 1006 3731 tentoria
1022 3676 1133 3728 nostra
1147 3671 1298 3748 petentes
1319 3680 1344 3737 a,
1358 3651 1447 3721 nobis
1465 3647 1516 3702 ov·

362 3784 397 3841 et
419 3775 611 3860 paximatius
633 3785 667 3838 et
687 3773 752 3837 alia
773 3773 914 3857 esibilia,
949 3790 1012 3836 uec
1033 3779 1140 3832 tamen
1162 3769 1217 3832 illo
1239 3785 1313 3831 sero
1336 3761 1398 3829 nisi
1419 3753 1514 3838 perun

361 3881 656 3965 manducaverunt,
680 3881 774 3964 cujus
796 3896 897 3942 cause
917 3879 1027 3940 statim
1049 3873 1205 3943 subditur.

724 4041 813 4106 uruit
833 4049 991 4106 tractatus
1012 4042 1181 4124 septimus.
