3232 5218
729 323 793 388 22⁷

165 507 283 570 statim
311 504 518 570 occideretur
557 506 658 569 etita
686 508 860 589 seipsum
899 507 1095 578 interimeret
1126 507 1197 570 sino
1224 507 1341 574 fructu.

167 610 237 674 Sed
259 619 373 675 contra
403 611 495 674 muiti
522 610 599 674 fidei
619 609 782 674 zelatores
807 610 848 673 ad
869 612 989 695 tempta
1017 609 1268 676 Sarracenorum
1289 615 1343 676 in-

167 717 276 801 gressi
311 706 388 796 sunt
418 723 451 778 et
476 715 988 799 praedicaveruntconfractu,
1019 734 1081 778 neo
1109 701 1226 778 temen
1242 711 1342 801 occist

169 820 309 884 tuemur.
354 819 398 882 Ut
430 824 563 878 sancus
590 815 786 882 Vincentius
820 817 952 883 Ordinis
980 819 1258 904 Praedicatorum‚
1288 825 1344 906 qui

168 923 271 986 muita
299 923 398 985 mitiis
418 921 672 986 Sarracenorum
701 924 746 986 ad
760 923 860 987 iidem
883 925 1052 988 convertit.
1093 923 1171 988 ideo
1200 944 1265 988 non
1286 944 1343 989 se-

169 1029 293 1110 quitur:
317 1035 353 1089 tu
369 1025 450 1089 dicis
470 1024 525 1088 vei
546 1026 638 1110 iacis,
654 1048 719 1113 quo
741 1029 781 1092 ab
803 1029 875 1091 aliis
897 1029 1066 1111 occideris,
1087 1045 1164 1111 ergo
1184 1037 1217 1090 te
1236 1031 1344 1113 ipsum

71 1134 78 1144 '
170 1129 317 1213 occidis,
351 1149 425 1192 nam
449 1139 481 1193 ot
507 1134 614 1216 sancti
646 1131 741 1195 iidem
764 1134 954 1197 catholicam
987 1124 1239 1216 confitebantur,
1271 1154 1344 1200 cum

108 1265 112 1270 ·
170 1237 280 1297 tamen
296 1248 355 1296 'ex
385 1233 450 1305 inii¹
476 1236 680 1316 professione
700 1255 738 1299 so
759 1255 780 1298 a
808 1236 956 1320 tyrannis
983 1236 1182 1300 occidendos
1204 1241 1345 1304 minima
1391 1277 1395 1286 ·

171 1339 367 1420 dubitarent,
389 1356 472 1422 quos
493 1348 528 1401 ut
547 1339 610 1402 Dei
631 1350 790 1423 martyres
812 1342 956 1404 colimus.
984 1339 1042 1404 Sic
1064 1341 1202 1424 tegimus
1223 1344 1345 1412 secisse

171 1431 304 1508 'fratrem
323 1444 483 1506 Lerdrrum
505 1442 636 1506 Ordinis
657 1429 829 1527 Mineruio,
850 1429 907 1529 'qui
928 1443 1118 1507 Sarracenis
1139 1433 1344 1533 congregatis
1365 1435 1386 1533 ⁴,

170 1551 207 1612 in
230 1566 296 1612 una
326 1548 482 1611 muschea
518 1549 551 1610 in
572 1548 660 1610 iiiam
687 1551 856 1632 ingressus
882 1557 933 1611 est
970 1548 1043 1611 zelo
1077 1552 1254 1614 animarum
1285 1572 1345 1618 ao-

172 1671 312 1737 census‚
343 1652 497 1715 audacter
526 1662 560 1714 et
587 1663 775 1716 constanter
809 1653 979 1735 clamavit,
1014 1651 1222 1736 praedicans,
1251 1657 1344 1741 quod

172 1778 284 1823 eorum
317 1775 438 1821 cassae
460 1757 566 1820 forent
588 1757 765 1839 orationes,
799 1767 831 1820 ot
853 1761 925 1821 sine
945 1757 1010 1820 fide
1039 1759 1213 1822 christiin
1235 1767 1345 1821 aeter-

173 1882 251 1928 uum
273 1863 466 1946 supplicium
486 1869 601 1924 esseut
622 1862 712 1944 ituri,
734 1869 769 1923 et
790 1861 876 1944 quod
897 1861 988 1944 ieges
1013 1862 1210 1925 Machometi
1233 1865 1346 1927 essent

173 1966 332 2050 injustae,
358 1965 583 2030 fraudulentae
590 2010 600 2047 ,
629 1966 855 2050 phantasticae
882 1974 916 2027 et
938 1966 1050 2028 falsae.
1084 1965 1157 2044 Quo
1178 1968 1228 2029 sic
1248 1985 1345 2048 prae-

173 2071 303 2136 dicente
322 2074 485 2134 irruerunt
506 2073 540 2131 iu
562 2088 635 2132 eum
647 2069 823 2133 Sarraceni
845 2079 876 2133 et
898 2069 1094 2133 occiderunt.
1117 2072 1218 2132 Hunc
1237 2080 1345 2133 autem

174 2176 307 2240 fratrem
328 2177 415 2237 inter
435 2183 597 2257 martyres
620 2174 833 2237 'connumerat
853 2173 1001 2237 dominus
1012 2173 1174 2235 Antonius
1198 2175 1232 2236 iu
1246 2177 1345 2237 citato

174 2280 256 2344 ioco.
283 2280 377 2342 ¹Non
399 2281 485 2341 enim
507 2297 548 2341 ex
570 2277 641 2360 ojus
672 2280 904 2359 superstitione
926 2277 986 2340 sed
1012 2296 1055 2340 ex
1076 2276 1218 2359 Spiritus
1239 2275 1344 2338 sancti

174 2386 331 2450 instinctu
352 2383 495 2447 creditur
516 2385 685 2467 ingressus
708 2384 821 2447 inisse.
864 2383 902 2447 Si
924 2384 997 2466 quis
1028 2383 1123 2445 etiam
1146 2380 1218 2445 zelo
1240 2379 1345 2452 iudis-
1429 2425 1432 2432 .

176 2497 266 2554 croto
293 2497 350 2551 aut
378 2486 546 2550 iracundia
576 2495 684 2550 motus
709 2491 843 2551 intraret
882 2496 915 2551 et
947 2496 1061 2551 contra
1080 2506 1150 2550 eos
1177 2486 1343 2561 clamaret,

1 2685 2 2700 χ
69 2641 74 2650 .
178 2602 210 2656 at
232 2593 442 2676 occideretur,
464 2601 729 2675 praesumtuosus
751 2595 856 2676 magis
878 2611 972 2676 quarn
995 2577 1120 2675 martyr
1135 2585 1345 2673 judicareturss

178 2697 237 2760 Sic
257 2697 391 2779 contigit
406 2697 603 2779 'quibusdam
632 2700 760 2780 graecis
781 2698 992 2780 Christianis,
1020 2715 1155 2778 quornm
1184 2695 1247 2757 dud
1271 2703 1348 2756 auto

167 2819 300 2898 =paucos
333 2819 437 2863 annos
458 2803 493 2862 in
514 2803 696 2864 Jerusalem
727 2806 869 2885 ingressi
900 2810 976 2865 sunt
1010 2818 1235 2883 cummagno
1266 2799 1348 2861 iuria
1398 2847 1414 2856 ..
1495 2851 1500 2864 .

177 2907 349 2989 tempium,
396 2913 428 2967 et
472 2906 562 2969 libris
610 2925 719 2969 eorum
759 2909 896 2989 arreptis
942 2922 1000 2969 eos
1044 2904 1273 2966 laceraverunt
1314 2907 1348 2963 ot

179 3011 488 3093 suppeditaverunt,
522 3005 685 3093 dicentes,
707 3013 815 3075 omnio
834 3028 908 3073 esse
930 3009 1069 3072 conficta
1090 3017 1122 3070 et
1144 3008 1243 3088 falsa3
1266 2995 1349 3090 quos

179 3116 290 3178 statim
312 3115 621 3196 comprehenderunt
653 3125 685 3178 et
707 3115 830 3179 crudeli
852 3121 1012 3178 tormento
1041 3119 1351 3177 consummaverunt

180 3239 241 3304 por
262 3218 399 3281 medium
419 3238 477 3283 eos
500 3229 660 3283 secantes.
710 3288 712 3296 s

260 3324 387 3406 Tertio,
422 3343 464 3387 an
498 3322 704 3388 Christianus
741 3327 814 3389 sine
852 3333 987 3408 peccato
1023 3324 1127 3407 possit
1163 3319 1349 3385 muscheam

178 3428 300 3491 intrare
314 3437 355 3512 oi
377 3419 615 3504 contumatiam,
639 3428 830 3493 derisionem
852 3438 884 3492 et
905 3426 1033 3491 trudoni
1064 3429 1204 3512 eiiquam
1226 3427 1350 3504 facero;

180 3531 283 3596 libros
326 3532 579 3596 retroneum
621 3535 675 3596 vel
713 3534 879 3617 lampades
917 3533 1087 3596 destruere
1094 3579 1104 3615 ,
1153 3533 1254 3596 iutum
1295 3535 1352 3591 aut

178 3645 327 3701 stercora
348 3655 478 3720 ponere.
522 3633 679 3722 Videtur,
714 3640 818 3722 quod,
849 3637 943 3700 saivo
966 3637 1088 3719 judicio
1118 3635 1259 3718 meliori,
1287 3651 1352 3695 non

181 3742 225 3804 sit
245 3741 386 3825 licitum,
415 3744 491 3824 quia
511 3743 595 3805 taies
617 3742 866 3808 maledictiones
888 3749 921 3803 et
951 3745 1119 3832 irrisiones
1142 3759 1206 3804 non
1234 3737 1354 3801 vidan-

181 3855 234 3910 tur
265 3865 308 3910 ex
339 3849 478 3910 caritate
509 3847 701 3930 procedere,
738 3845 798 3909 sed
831 3847 938 3929 potius
972 3866 1015 3909 ox
1042 3849 1107 3930 ira,
1139 3840 1353 3927 displicentis,

182 3949 306 4032 livore,
327 3951 383 4014 vei
405 3970 449 4015 ex
468 3953 638 4035 superfla,
665 3969 729 4015 nec
748 3952 851 4014 honor
869 3950 932 4012 Dei
953 3951 986 4012 in
1006 3949 1124 4012 talibus
1144 3950 1239 4013 iactis
1261 3963 1355 4010 cres·

183 4055 247 4140 cit,
278 4055 339 4119 sed
360 4056 562 4140 blasphemia
590 4060 624 4118 in
647 4057 812 4121 Christum
835 4064 869 4118 at
889 4055 1057 4128 inimicitia
1076 4056 1110 4118 in
1130 4052 1245 4116 iideies
1273 4069 1356 4114 corr·

186 4160 304 4224 citatur
330 4153 485 4248 utnulla
506 4161 540 4224 in
562 4164 611 4224 ets
634 4157 816 4224 emendatio
841 4163 1004 4243 sequitur,
1035 4168 1068 4222 et
1088 4147 1227 4222 ita‘siire
1248 4157 1356 4236 fructu

187 4267 299 4328 mortis
331 4267 474 4349 periculo
508 4285 551 4346 sa,
583 4253 760 4349 exponunt.
814 4266 1011 4328 Existimant
1041 4273 1147 4327 autem
1180 4252 1373 4344 simplices,'

187 4367 378 4454 obsequium
401 4390 441 4434 se
460 4375 616 4455 praebere
637 4375 730 4449 Deo,
762 4386 859 4450 quum
881 4368 1019 4452 utiquam
1049 4369 1199 4520 ippp'gant
1228 4361 1357 4426 trudam
