3212 5206
718 311 783 377 ⁴3³
880 409 885 415 .

157 495 305 580 purgatis
326 511 386 580 par
406 497 514 579 ignem
526 491 707 576 ejiciuntur,
720 502 754 556 et
775 501 864 557 erant
876 493 1079 558 scotiaeuou
1091 493 1168 559 lerri
1185 494 1335 560 volalte·

63 584 67 598 ’
158 607 226 667 rius
245 601 377 686 metalli,
399 599 459 663 sed
481 600 550 663 auri
568 599 710 663 Arabiae
731 600 854 682 optimi,
870 597 957 682 quod
977 598 1055 664 olim
1067 601 1121 664 bic
1142 600 1331 669 fodiebatur.

157 706 252 771 Unde
280 707 398 769 beatus
426 705 625 788 leronymus
660 704 701 766 dc
744 703 907 768 distantiis
948 704 1087 768 locorum
1116 705 1177 770 hos
1207 714 1334 769 rnoutcs

157 811 300 875 uominat
322 809 538 892 Catachrysia
576 817 609 871 et
635 806 731 890 dicit,
760 807 845 891 quod
874 808 968 891 juxta
996 828 1054 874 eos
1085 809 1143 872 lllii
1165 809 1267 872 lsracl
1299 810 1334 872 iu

158 915 289 979 deserto
307 914 466 997 degentes
486 933 544 996 per
564 921 692 996 tempus
713 922 918 995 manserunt,
941 922 975 976 et
1005 914 1091 998 quod
1119 917 1254 999 Moyses
1286 915 1332 978 ibi

158 1021 291 1104 scripsit
311 1021 606 1082 Deuteronomium.
637 1017 716 1080 Non
735 1017 856 1101 dubito,
872 1020 952 1100 quin
973 1019 1048 1082 olim
1062 1021 1168 1082 sancti
1185 1019 1335 1084 monachi

158 1127 193 1186 iu
206 1125 258 1188 his
279 1123 442 1206 specubus
458 1123 520 1186 sibi
537 1122 672 1188 cellulas
688 1121 939 1206 aedificaverint,
954 1125 1030 1206 quia
1051 1125 1086 1188 iu
1099 1124 1187 1188 Vitis
1200 1124 1334 1188 Patruus

159 1246 260 1312 saepe
292 1227 444 1310 legimus,
471 1235 604 1290 sanctos
631 1227 835 1290 habitavisse
863 1227 897 1288 iu
930 1231 1081 1292 cavernis
1119 1229 1282 1294 derelictis
1313 1246 1349 1293 a·

159 1333 340 1397 fossoribus
371 1331 585 1399 metallorum.
645 1331 770 1413 Accepi
802 1349 881 1414 ergo
911 1331 1037 1416 aliquas
1067 1336 1192 1398 scorias
1215 1319 1264 1396 'et
1292 1333 1334 1400 ad

56 1459 62 1468 ·
158 1437 307 1502 dominos
329 1436 449 1500 milites
464 1455 522 1499 eas
545 1435 723 1519 detuli,qul
744 1454 801 1518 pro
823 1455 956 1503 munere
977 1457 1035 1502 cas
1058 1457 1079 1501 a
1100 1457 1151 1502 mc
1171 1441 1333 1522 paticrunt
1427 1427 1433 1436 “

157 1543 220 1608 sibi
241 1542 323 1622 dari,
347 1541 424 1628 quia
444 1551 536 1608 erant
560 1542 709 1605 insuetae
729 1540 861 1626 figurae.

600 1779 735 1860 Gravis
760 1778 895 1860 diaeta.

247 1961 381 2026 Docimo
400 1973 516 2026 octavo
538 1960 589 2024 die
620 1965 785 2026 transacta
809 1960 916 2024 media
937 1968 1032 2026 nocte
1060 1961 1259 2027 recessimus
1290 1959 1333 2025 de

162 2066 293 2132 deserto
314 2066 500 2131 llleschmar
531 2076 563 2129 et
584 2076 711 2130 montes
733 2065 968 2150 Catachrysiae
999 2067 1271 2150 posttergavimus
1297 2073 1333 2128 et

161 2173 197 2236 lu
218 2192 315 2237 nnuru
331 2173 508 2236 districtum
531 2172 690 2255 venimus,
705 2172 759 2235 ubi
781 2170 822 2236 ad
838 2170 985 2234 dextrum
999 2172 1086 2236 latus
1099 2181 1225 2236 montes
1240 2169 1333 2232 albos
1452 2197 1457 2205 ·

161 2279 256 2360 quasi
276 2281 353 2340 nive
371 2276 497 2340 inlusos
518 2277 704 2360 habuimus,
725 2273 767 2339 ad
800 2276 964 2340 sinistram
994 2297 1074 2340 vero
1096 2279 1210 2341 rubros
1238 2278 1333 2360 quasi

160 2401 276 2447 cruore
306 2381 457 2464 inlectos,
489 2379 548 2442 sed
580 2390 613 2443 et
643 2390 748 2444 terrac
778 2381 969 2463 superficies
999 2384 1047 2445 ita
1078 2383 1185 2466 plauis
1213 2381 1334 2445 tabulis

160 2487 300 2570 lapideis
330 2495 398 2549 erat
430 2485 587 2570 obducta,
614 2503 653 2548 ac
684 2486 714 2548 si
745 2486 936 2550 naturaliter
968 2489 1189 2571 pavimentata
1216 2488 1335 2552 luisset

160 2592 270 2676 politis
291 2591 410 2654 tabulis
438 2589 479 2653 do
501 2577 684 2654 durissimis
702 2591 813 2674 saxis,
834 2587 920 2653 nudo
947 2590 1072 2653 bestiae
1100 2602 1238 2657 nostras.
1260 2609 1334 2654 cum

161 2705 302 2760 tremore
322 2696 366 2758 ibi
397 2694 589 2758 incedebant
625 2696 780 2758 timentes
813 2694 998 2757 lubricitari.
1037 2696 1164 2761 Deinde
1196 2713 1334 2763 ascenso

161 2800 248 2866 clivo
270 2801 440 2884 praecipiti
461 2802 494 2860 iu
515 2799 612 2862 alium
632 2806 811 2862 torrentem
834 2801 983 2863 venimus
1012 2800 1054 2863 de
1074 2802 1170 2883 plana
1196 2810 1228 2863 ct
1249 2801 1335 2862 bcua

160 2905 225 2968 via.
254 2907 318 2968 Hic
339 2912 468 2968 torrens
488 2922 549 2967 suo
565 2913 709 2986 tempore
729 2902 858 2967 videtur
870 2906 963 2988 aquus
986 2907 1126 2988 copiosis
1142 2885 1333 2974 redundare.

161 3011 214 3072 Ex
235 3009 289 3073 illc
310 3018 452 3073 torrente
464 3007 692 3072 descendimus
708 3010 742 3071 iu
764 3008 836 3071 loca
857 3009 1014 3092 quaedam
1037 3011 1142 3094 plana,
1161 3011 1194 3073 iu
1215 3009 1333 3093 quibus

163 3114 341 3197 reperimus
356 3113 507 3197 virgulta,
534 3114 667 3177 arbusta
683 3123 714 3175 ct
735 3113 864 3195 spineta
878 3117 1027 3198 virentia,
1044 3115 1160 3199 quibus
1177 3115 1333 3199 inspectis

163 3218 274 3282 laetati
296 3219 426 3301 luimus,
445 3219 520 3301 quia
540 3221 756 3302 speravimus,
778 3235 839 3281 nos
860 3219 904 3284 ihi
923 3236 1024 3304 aquas
1046 3230 1246 3304 reperturos,
1269 3238 1334 3283 uon

162 3325 246 3386 euim
263 3323 319 3388 illa
339 3340 487 3385 crescere
501 3331 639 3406 possunt
663 3323 728 3385 nisi
748 3323 782 3384 iu
799 3321 880 3400 locis
894 3325 1107 3388 humentibus
1135 3327 1334 3389 lutravlmus

161 3446 241 3511 ergo
261 3429 394 3491 arbusta
413 3427 469 3490 illa
501 3436 534 3490 et
555 3426 696 3491 vidimus
718 3428 845 3511 quidem
868 3447 970 3512 aquas
990 3429 1108 3494 ibidem
1139 3430 1252 3514 luisse,
1274 3427 1335 3492 aed

161 3549 248 3594 nuuc
269 3531 375 3594 nullas
389 3530 515 3595 adesse.
544 3532 763 3596 Veruntamen
786 3535 849 3597 hoc
863 3534 1064 3617 relrigerium
1085 3535 1130 3597 ibl
1146 3533 1334 3618 reperimus,

162 3634 248 3719 quod
270 3637 351 3698 rami
372 3645 405 3698 ct
427 3636 504 3700 folia
528 3639 729 3700 arbustarum
758 3637 989 3701 madescebant
1017 3621 1088 3701 rorc
1117 3641 1273 3702 matutino
1300 3645 1335 3701 et

162 3742 264 3824 guttis
285 3741 425 3804 noctium
448 3741 542 3823 pleua
562 3749 663 3804 eraut.
705 3741 805 3805 Porro
830 3760 916 3806 unus
947 3743 988 3805 dc
1017 3744 1197 3826 peregrinis
1219 3745 1335 3807 sitiens

162 3861 285 3908 ramum
307 3863 404 3908 unum
427 3843 607 3908 madentem
640 3865 712 3910 rore
734 3847 854 3911 avulsit
889 3856 920 3909 et
948 3849 994 3910 ori
1027 3865 1086 3910 suo
1108 3848 1278 3932 applicuit,
1301 3833 1338 3911 ut

164 3969 267 4013 rorem
292 3949 446 4012 lamberet
469 3969 527 4033 pro
548 3949 716 4032 refrigerio
739 3969 811 4021 suo.
847 3949 916 4015 Sed
939 3949 1013 4016 dum
1034 3969 1072 4015 se
1092 3955 1218 4036 putavit
1240 3954 1337 4016 reiri-

161 4055 342 4136 gerativum
366 4072 469 4117 rorem
493 4053 645 4137 lambere,
659 4073 697 4118 os
719 4057 907 4120 acutissimo
931 4056 1002 4122 suls
1022 4057 1146 4121 invenlt
1170 4076 1208 4120 ro
1229 4058 1336 4121 inlec-

163 4166 230 4220 tum
263 4159 392 4242 babere,
425 4158 613 4241 perterritus
645 4169 752 4222 autom
774 4163 910 4244 putavit,
940 4179 1016 4224 esse
1038 4160 1237 4226 delusionem
1280 4159 1335 4223 vel

162 4259 225 4322 llei
254 4263 395 4348 plagam,
417 4263 499 4326 alios
530 4263 702 4326 consocios
724 4265 911 4330 hortabatur
937 4265 978 4328 dc
1004 4285 1076 4330 rore
1108 4265 1232 4348 lugere,
1255 4262 1334 4326 nihil

164 4361 277 4429 diccns
295 4367 336 4430 ds
357 4366 581 4451 amaritudine,
603 4375 635 4430 et
669 4387 781 4432 omues
812 4372 996 4434 invenimus
1015 4388 1117 4434 rorem
1144 4367 1230 4431 illum
1253 4367 1333 4432 nibil

1062 4475 1096 4529 28
