3204 5216
709 337 771 406 12³

34 533 36 566 i
148 526 226 590 Job
240 524 301 608 ta,
323 520 411 606 quod
429 519 608 605 disoipuins
629 521 690 586 iiie·
705 530 804 586 notus
835 531 905 585 erat
920 520 1076 604 pontifici.
1119 523 1222 588 Juxta
1239 523 1324 588 beno

150 632 280 694 domum
301 629 409 692 stabat
430 645 498 691 une
518 626 673 690 musobea
693 628 899 690 sarraoenioa
918 637 1051 710 aperta·
1063 635 1095 690 et
1109 631 1185 710 quia
1202 628 1322 693 nulium

152 736 367 799 Samoenum
381 732 533 814 vidimus,
553 733 695 814 ingressi
708 751 820 796 sumus
834 735 960 814 ineam,
979 731 1040 794 sed
1050 732 1129 794 nibil
1145 733 1323 818 pulchrum,

152 841 233 904 nibil
256 825 422 920 devotum,
445 835 524 900 nihil
546 835 762 900 desiderabile
780 837 824 902 ibi
845 837 995 919 vidimus,
1027 835 1086 900 sed
1117 845 1240 900 tautum
1262 840 1323 903 ha·

152 945 332 1010 bitaeulum
353 959 504 1024 vaenum,
527 939 769 1024 testudinatum,
792 941 971 1024 rotundum,
993 961 1051 1024 per
1070 945 1210 1033 parietes
1232 942 1324 1005 deal·

154 1051 275 1131 batum,
299 1058 332 1111 et
355 1046 520 1130 tampades
541 1047 582 1109 de
604 1047 767 1109 testudine
786 1045 1016 1129 dependentes,
1042 1055 1075 1109 et
1103 1044 1322 1129 pavimentum

157 1155 268 1217 mattis
302 1162 501 1236 coopertum,
534 1153 567 1213 iu
599 1152 715 1235 quibus
742 1152 986 1234 genuflexiones
1018 1163 1050 1214 et
1079 1139 1323 1224 ineurvationes

153 1277 233 1322 suas
255 1258 378 1321 iaciunt
404 1257 438 1319 iu
462 1258 662 1320 orationibus
683 1277 803 1320 eorum.
847 1259 921 1320 Hoo
940 1258 1013 1319 viso
1034 1259 1176 1338 regressi
1197 1274 1320 1320 sumus.

152 1362 255 1426 Porro
277 1363 351 1426 loea
367 1361 434 1444 jam
457 1361 544 1426 diota
567 1372 642 1427 sunt
658 1381 759 1446 prope
780 1362 931 1444 templum
950 1362 1089 1444 Domini,
1114 1361 1199 1446 qnod
1221 1361 1320 1426 Sato-

154 1468 261 1530 monis
282 1469 460 1530 nominant.

236 1573 318 1636 Post
353 1573 415 1636 hoe
445 1573 654 1636 transivimus
684 1581 796 1636 eontra
823 1571 993 1655 tempium,
1026 1579 1061 1634 et
1094 1576 1128 1634 iu
1158 1573 1241 1636 vioo‘
1261 1591 1320 1655 per

152 1677 273 1740 ostium
302 1676 462 1759 quoddam
481 1680 754 1763 introspeximus,
787 1687 818 1740 at
848 1677 881 1738 iu
912 1681 1001 1740 ouria
1028 1677 1172 1741 vidimus
1201 1677 1319 1752 multos

150 1780 353 1844 Sarracenos
371 1790 497 1845 stantes
510 1800 584 1845 eum
602 1781 720 1862 situlis,
742 1784 850 1844 ureeis
872 1790 904 1843 et
916 1783 1078 1865 amphoris
1089 1783 1130 1845 ad
1143 1781 1319 1845 tollendum

151 1904 280 1969 aquam,
301 1904 385 1970 quae
411 1885 455 1948 ibi
478 1887 610 1968 copioso
631 1904 705 1949 eum
726 1887 846 1968 impetu
867 1885 907 1948 de
929 1886 1035 1949 canali
1055 1889 1256 1971 erumpebat,
1278 1886 1319 1949 da

151 2009 218 2074 quo
239 1991 448 2053 vehementer
460 1993 594 2054 miratus
615 1991 672 2072 fui,
695 2009 765 2053 eum
789 2009 919 2075 semper
940 1992 1072 2072 legerim
1085 2000 1120 2054 et
1133 1991 1319 2072 audiverim,

151 2097 313 2159 civitatem
327 2104 475 2159 sarratam
497 2112 609 2158 oerore
630 2095 724 2178 aquis
747 2096 841 2157 vivis.
885 2094 952 2157 Sed
972 2105 1087 2177 postea
1100 2096 1318 2178 experimento

152 2199 267 2282 didici,
289 2199 374 2284 quod
397 2217 502 2283 aquae
529 2199 605 2262 iliae
627 2200 724 2281 longe
745 2218 765 2280 a
789 2199 923 2261 eivitrte
947 2206 1066 2260 saneta
1104 2207 1254 2260 emanent
1286 2209 1320 2260 et

153 2325 210 2388 per
227 2305 376 2388 gurgites
399 2313 432 2366 et
451 2304 577 2367 canalia
597 2303 845 2367 introducuntur
865 2303 899 2363 in
920 2301 1121 2385 Jerusalem,
1144 2301 1318 2384 dequibus

153 2427 212 2473 suo
237 2409 308 2473 ioeo
330 2410 434 2473 dieam
455 2409 511 2473 fol.
533 2409 599 2472 249
619 2410 660 2472 Α.
685 2410 721 2472 Β.
763 2410 815 2470 Ab
838 2407 892 2469 illo
915 2407 986 2471 iooo
1009 2408 1215 2504 ascendimus
1237 2427 1318 2471 eon·

152 2523 202 2576 tra
221 2514 376 2597 tempium
399 2513 440 2576 ad
462 2533 562 2577 uuum
584 2513 817 2578 testudinatum
840 2515 959 2597 vicum,
980 2534 1039 2597 per
1060 2533 1155 2597 quem
1169 2514 1218 2578 'ad
1239 2534 1317 2597 por-

152 2628 217 2681 tam
227 2618 394 2702 grandem,
406 2635 491 2701 quae
511 2618 598 2682 duait
620 2622 654 2682 in
673 2619 783 2703 templi
794 2619 920 2700 atrium,
944 2621 1162 2684 transivimus.
1205 2619 1316 2699 Porro,

151 2719 226 2805 (D)
252 2723 377 2805 inipso
398 2723 473 2786 vieo
494 2734 584 2787 orant
607 2725 727 2789 multae
748 2734 931 2807 pstsgaeet
952 2724 1316 2806 valvesnegotiatorum

151 2827 193 2889 ab
210 2834 348 2910 utreque
381 2835 486 2910 parte,
509 2846 647 2911 eumque
668 2829 818 2920 viderent
840 2846 901 2890 nos
923 2837 1035 2891 eontra
1059 2838 1181 2911 portam
1206 2824 1316 2907 tempii

150 2941 382 3014 properantes,
414 2941 622 2996 aoourrerunt
644 2932 736 2996 multi
764 2931 805 2994 ed
836 2950 913 3012 nos,
947 2940 982 2994 ut
1009 2950 1068 2993 uos
1097 2934 1137 2992 ab
1164 2931 1317 3010 ingressu

151 3036 263 3126 templi
285 3042 440 3098 aroerent.
485 3038 638 3100 Diximus
661 3037 709 3098 eis
730 3037 851 3120 signis,
875 3034 963 3120 quod
984 3055 1049 3098 non
1064 3025 1236 3098 'vallemus
1263 3035 1316 3094 in-

150 3149 249 3222 trare,
270 3140 329 3203 sed
351 3149 474 3204 tantum
496 3151 571 3204 ante
593 3149 719 3224 portam
740 3141 876 3205 adorare
895 3139 1010 3222 Deum,
1033 3147 1067 3202 et
1087 3143 1133 3204 ita
1155 3139 1316 3223 permise-

87 3299 92 3307 ,
152 3253 226 3305 runt
258 3261 319 3306 nos
339 3243 381 3306 ad
415 3258 537 3327 portam
561 3244 737 3329 secedere,
763 3253 797 3308 et
826 3247 870 3308 ibt
904 3246 998 3308 flexis
1030 3248 1169 3328 genibus
1202 3253 1316 3307 eontra

149 3347 305 3429 templum
326 3347 455 3412 Domini
476 3352 651 3426 oravimus,
674 3352 886 3433 respicientes
906 3354 940 3413 in
961 3351 1076 3414 atrium
1096 3358 1129 3413 et
1147 3349 1314 3431 templum,

149 3449 239 3534 quod
264 3460 372 3514 temen
408 3455 490 3536 ipsis
517 3455 710 3518 Sarraeanis
741 3465 811 3518 erat
844 3455 1033 3536 molestum,
1066 3464 1099 3519 et
1131 3453 1315 3517 clamabant

147 3561 264 3618 eontra
284 3573 356 3626 nos.
398 3559 475 3640 ipsa
495 3577 574 3621 vero
595 3559 668 3620 atrii
688 3566 861 3640 portaerat
883 3579 1001 3643 magna
1022 3579 1095 3625 eum
1107 3559 1315 3643 gravissimis

148 3659 272 3740 ferreis,
291 3664 450 3725 vantibus.
504 3662 625 3726 Dieuut
645 3670 767 3740 autam,
800 3664 883 3728 barm
914 3684 989 3728 esse
1020 3675 1146 3749 portam
1175 3664 1312 3726 terream

148 3763 248 3848 iiiam,
269 3765 394 3849 deque
416 3768 553 3831 babetur
574 3767 714 3831 Aetuum
737 3769 821 3850 xib,
840 3787 899 3850 per
917 3787 1012 3850 quam
1042 3751 1152 3832 adunit
1180 3765 1315 3848 angelus

147 3869 290 3952 Petrum,
311 3879 344 3934 et
364 3890 423 3954 per
443 3873 564 3953 vioum,
586 3875 663 3953 qtria
681 3890 790 3936 oaroer
803 3872 890 3935 Petri
911 3883 979 3936 erat
998 3874 1038 3936 ab
1051 3876 1146 3936 intra.
1190 3871 1317 3934 Deinde

148 3993 208 4057 par
226 3975 334 4038 vteum
357 3976 480 4038 reversi
501 3975 635 4060 sumus,
657 3986 690 4039 et
707 3985 863 4060 gyrantes
884 3976 927 4038 ad
954 3975 1048 4038 alium
1084 3976 1315 4041 testudinatum

147 4079 256 4142 vioum
279 4080 438 4162 venimus,
459 4099 518 4163 per
538 4100 633 4164 quem
657 4083 755 4144 etiam
776 4082 927 4144 introitus
952 4091 1004 4143 est
1024 4080 1065 4144 ad
1087 4081 1259 4164 templum,
1283 4081 1314 4141 in

149 4202 214 4266 quo
232 4184 607 4269 similiteruagotiatoras
624 4185 781 4250 sedebant
800 4188 833 4248 in
857 4187 993 4269 protegis.
1038 4189 1182 4270 ingressi
1205 4191 1313 4248 autem

149 4288 316 4372 usquead
343 4289 455 4379 tempii
476 4301 600 4374 portam
627 4294 839 4372 secessimus,
861 4309 923 4353 nee
942 4291 1102 4354 clamores
1131 4307 1192 4352 nee
1226 4305 1315 4350 mtur-

148 4411 241 4458 mura
275 4385 528 4460 Sdrreoonorum
558 4394 767 4477 advertimus,
814 4411 876 4456 nee
913 4393 1158 4476 prohibitionem
1197 4391 1314 4471 Caiini,
