3212 5206
621 271 622 274 ’
696 257 760 326 385

135 463 218 512 onus
240 463 260 508 a
281 460 320 506 se
341 440 445 526 rejicit
467 450 500 504 et
519 441 583 505 hoc
602 441 688 507 facto
702 449 820 527 inagna
840 460 939 509 eumn
961 445 1091 529 aultrgit
1113 454 1145 509 et
1158 448 1217 512 vix
1238 448 1310 532 capi

134 549 361 634 supermittit.
395 547 518 630 stagna
540 565 616 611 cura
638 548 843 622 haecbcstia
864 547 994 613 videtur
1015 550 1181 616 custodire
1200 571 1310 634 onera,

135 675 183 720 ne
211 654 381 736 decidant,
404 654 592 716 cautissime
619 653 704 716 enim
737 653 838 736 pedes
869 656 977 738 ponit,
1000 675 1043 718 ne
1069 655 1171 740 pedes
1202 657 1312 720 laedat

136 774 169 827 et
190 779 233 822 ne
251 776 352 822 onera
373 756 500 840 cadant,
516 773 591 820 nam
611 759 672 822 sub
694 758 779 841 pede
801 759 915 822 cameli
934 769 986 823 est
1006 761 1106 823 multa
1119 766 1311 842 carnositas,

137 876 170 928 et
192 869 224 927 in
247 864 319 947 ejus
351 863 470 927 fissura
490 864 609 926 corium
632 862 739 927 simile
759 862 800 945 ei,
821 863 909 946 quod
930 865 1034 927 estin
1054 864 1191 949 pedibus
1212 884 1311 931 anse-
1378 846 1381 856 Δ

138 991 228 1053 rum,
249 969 323 1032 ideo
351 977 446 1035 caute
474 968 630 1051 ambulat3
657 967 760 1049 marn,
790 986 970 1051 perquam
998 970 1100 1032 semel
1127 972 1312 1056 ambulavit,

138 1065 267 1159 semper
288 1075 353 1138 scit
383 1078 457 1138 sine
489 1073 588 1156 duce,
611 1074 708 1136 etiarn
736 1072 766 1135 si
797 1072 852 1134 via
880 1075 923 1135 sit
952 1081 1066 1157 operta
1096 1076 1232 1160 pulvere
1258 1079 1313 1143 vel

140 1199 239 1243 arena
260 1199 319 1264 per
339 1189 471 1243 ventum
493 1177 630 1261 adjecta.
665 1179 709 1241 lit
726 1176 788 1240 hoc
809 1179 1028 1241 necessarium
1050 1189 1100 1242 est
1121 1199 1179 1263 per
1200 1181 1314 1246 deser-
1451 1229 1455 1243 .

140 1295 226 1368 tum,
261 1287 295 1347 in
327 1283 520 1368 quo‘nullae
552 1285 627 1346 viae
659 1292 791 1344 manent
819 1291 951 1365 propter
979 1300 1147 1347 arenarum
1176 1295 1311 1351 motum.

138 1391 215 1454 Non
237 1399 359 1452 tantum
375 1399 528 1471 parantur
548 1390 612 1452 hae
630 1388 755 1451 bestiae
776 1386 818 1450 ad
840 1381 938 1449 onera
954 1386 1114 1472 vehenda,
1130 1389 1191 1453 sed
1212 1393 1311 1456 etiam

139 1494 181 1558 ad
202 1493 288 1557 bella
313 1491 483 1569 ducuntur,
505 1491 544 1555 ad
567 1509 651 1575 qnae
672 1500 779 1554 umen
800 1491 960 1554 foeminae
980 1491 1037 1552 vel
1058 1494 1202 1557 camelae
1223 1496 1312 1559 vali-

140 1599 248 1662 diores
261 1606 336 1660 sunt
354 1615 449 1680 quam
467 1597 591 1660 cameli.
620 1594 813 1659 castrantur
832 1603 950 1678 autem,
963 1595 1093 1678 quando
1105 1595 1179 1661 duci
1191 1599 1312 1662 habent

5 1699 11 1702 ’
140 1702 182 1767 ad
203 1701 367 1786 proelium.
410 1703 453 1766 Et
475 1711 596 1765 tantum
619 1700 661 1764 de
681 1701 746 1764 illo.

628 1969 834 2050 Camelarii.

227 2204 400 2270 Camelarii
419 2204 474 2270 vel
495 2203 686 2268 dromedarii
706 2210 786 2267 snnt
807 2200 951 2286 magistri
973 2202 1176 2267 camelorum.
1213 2201 1314 2267 Porro

143 2311 245 2374 nostri
276 2311 439 2374 camelarii
476 2328 534 2392 per
573 2308 736 2372 desertum
768 2316 859 2371 crarrt
893 2307 1045 2374 conducti
1076 2328 1135 2392 per
1168 2315 1315 2384 nostrum

143 2415 466 2478 'frotschelmannnm
488 2413 530 2476 de
556 2413 678 2476 villulis
699 2412 904 2475 Palaestinae
933 2414 967 2474 in
995 2414 1140 2480 termlnis
1162 2411 1315 2482 Arabiae.

143 2520 246 2582 sant
266 2527 373 2582 mem
394 2517 558 2600 metimur,
581 2519 666 2601 mgrr
686 2527 722 2580 ur
743 2517 882 2599 enom,
896 2503 1086 2581 sarracenis
1108 2518 1316 2581 oneremur

144 2622 343 2703 servientes,
365 2640 440 2686 eum
461 2623 625 2686 Arabibus
654 2621 967 2686 confoederationem
991 2622 1166 2705 habentes,
1190 2621 1232 2685 de
1252 2623 1316 2684 ritu

143 2726 307 2792 maledicti
328 2727 535 2792 llfaohometi
580 2726 654 2790 Non
679 2729 765 2790 enim
787 2726 1021 2790 sustinuissent
1041 2726 1169 2790 Arabes
1189 2725 1317 2788 incolae

143 2831 264 2920 deserti
284 2831 435 2896 ductores
455 2832 510 2894 vel
532 2832 722 2894 camelarios
743 2848 842 2913 puros
862 2828 1084 2914 Sarracenos,
1105 2829 1165 2893 sed
1186 2830 1261 2893 illos
1282 2830 1316 2894 in

144 2953 228 3018 pace
250 2934 450 3019 dimiserunt,
471 2938 548 3019 qula
570 2938 619 2999 eis
641 2934 858 2999 confoederati
888 2943 921 2996 et
941 2935 1022 3017 rltu,
1041 2943 1152 3017 veste,
1174 2935 1317 2998 moribus

146 3041 196 3110 eis
218 3038 410 3103 conformes.
452 3041 502 3104 Ea
523 3039 685 3105 decanea
707 3039 838 3104 asinarii
868 3041 987 3124 nostri,
1017 3041 1074 3123 qul
1099 3047 1195 3102 erant
1216 3036 1318 3102 Cirri-

145 3143 244 3206 stiani
280 3144 470 3229 orientales,
499 3165 558 3228 per
590 3145 753 3210 desertum
784 3151 901 3208 euntes
922 3146 1167 3210 conformabant
1186 3162 1226 3208 se
1255 3164 1319 3208 ve-

145 3249 252 3330 stibus
275 3257 308 3310 et
330 3250 471 3314 moribus
493 3250 691 3334 camelariis,
716 3258 750 3313 ut
773 3251 813 3313 ab
835 3248 998 3314 Arabibus
1021 3249 1127 3313 minus
1161 3249 1318 3314 molesta-

146 3361 273 3435 rentur,
293 3354 349 3418 istl
376 3355 540 3418 camolmii
562 3365 595 3419 et
615 3356 746 3419 asinarii
766 3356 800 3418 in
814 3363 924 3418 nostro
945 3355 1060 3430 itinere
1077 3355 1231 3420 continue
1249 3355 1320 3419 titi-

145 3457 267 3542 gabant
293 3458 399 3540 simul,
414 3477 478 3522 uon
493 3468 601 3522 tamen
623 3478 662 3523 se
675 3461 907 3542 percutiebant,
919 3461 1087 3524 nobiscum
1103 3455 1183 3524 vero
1203 3477 1318 3543 paoem

145 3561 309 3625 habebant
336 3562 516 3626 simulatam
546 3572 677 3647 propter
702 3564 888 3647 pecuniam,
910 3581 1006 3647 quam
1038 3565 1175 3630 anobis
1199 3563 1320 3630 habere

147 3667 329 3748 sperabant.

162 3843 165 3850 ·
231 3817 282 3879 De
303 3819 355 3882 lris
375 3817 556 3882 camelariis
578 3827 609 3881 et
641 3815 789 3882 asinariis
815 3817 848 3880 in
877 3835 1035 3901 processu
1056 3820 1156 3884 multa
1188 3819 1321 3880 venlent

148 3919 296 4005 dicenda,
317 3943 403 3989 nunc
424 3924 466 3988 ad
488 3923 553 3988 alia
572 3923 796 4008 procedamus.
888 3920 1042 4008 Sequitur
1062 3923 1105 3988 de
1135 3922 1318 3989 solitudine.
