3132 5206
713 279 752 342 ei

143 468 179 524 et
196 457 352 522 dentibus
370 449 526 524 corticem
548 457 724 541 deponunt,
746 467 779 521 et
801 458 927 524 dulcem
952 474 1085 524 succum
1101 479 1173 524 cura
1187 463 1324 528 materia
1406 493 1414 498 ·

144 566 229 626 iuter
249 580 291 624 ae
308 571 424 645 parant
453 570 486 624 et
509 560 714 626 manducant.
756 561 808 624 De
836 563 889 626 iris
934 581 993 645 pre
1014 561 1207 630 deductione
1235 576 1320 632 tem-

144 669 233 752 poris
255 685 358 749 saepe
377 665 590 749 manducavi,
613 683 675 728 nec
695 675 862 730 saturatus
896 667 951 732 ini.
1002 669 1045 730 Et
1074 669 1229 753 possibile
1255 680 1319 754 est,

143 775 242 835 etiam
264 770 299 833 S.
321 769 505 833 iohannem
534 769 575 833 de
596 772 649 834 iiis
671 787 807 834 succum
830 773 970 836 suxisse.

228 876 292 938 Per
320 875 383 938 boe
413 892 492 959 ergo
519 876 626 936 sancti
652 874 815 940 Joirauuia
843 874 1006 940 desertum
1026 893 1100 938 cum
1130 877 1318 944 turma·

144 980 363 1060 ascendimus,
391 987 509 1042 etcum
532 978 625 1063 quasi
647 997 825 1062 perunum
848 978 983 1044 milliare
999 982 1217 1064 venissemus,
1238 1000 1317 1046 ecce

145 1084 267 1146 elamor
288 1091 323 1146 et
350 1082 496 1148 ulutatus
518 1083 619 1148 oritur
645 1085 730 1148 inter
758 1084 910 1146 mulieres
931 1085 1040 1148 sociae
1068 1094 1198 1150 nestrae
1220 1104 1317 1169 pere-

145 1191 268 1271 grinas,
290 1197 322 1251 et
345 1194 432 1251 totns
454 1188 615 1251 exercitus
643 1186 797 1250 turbatur.
842 1185 966 1250 Solitae
992 1190 1079 1251 enim
1099 1197 1193 1254 amnt
1221 1189 1319 1253 valde

145 1295 256 1375 quiete
277 1300 309 1352 et
332 1290 464 1354 devote·
478 1310 519 1355 ac
544 1291 679 1354 silenter
699 1292 874 1373 procedere
894 1311 966 1357 cum
999 1295 1159 1378 patientia
1187 1311 1319 1377 magua,

146 1405 180 1458 et
212 1393 367 1456 tumultus
394 1413 503 1459 earum
536 1404 606 1457 erat
636 1397 783 1458 omuibus
816 1398 948 1479 stupori.
1004 1395 1127 1460 Omnes
1160 1414 1241 1479 ergo
1275 1397 1317 1460 ad

145 1499 311 1583 plorantes
335 1499 572 1582 festinavimus,
599 1501 797 1586 inquirentes
823 1499 864 1562 de
896 1509 996 1563 causa
1023 1501 1154 1568 lamenti
1195 1519 1316 1564 earum.

145 1601 306 1666 Dicebant
336 1612 462 1685 eutem,
498 1604 583 1686 quod
605 1623 672 1668 urna
697 1605 740 1668 de
769 1604 923 1668 sociabus
955 1622 1082 1688 earum,
1112 1606 1262 1688 quaesita
1283 1607 1317 1666 in

146 1709 303 1788 exercitu,
325 1708 463 1770 inveniri
482 1725 546 1770 non
568 1695 693 1791 posset,
717 1709 811 1790 cujus
826 1707 1034 1791 perditionem
1055 1709 1316 1791 lamentarentur,

146 1821 179 1874 et
200 1811 459 1894 deprecabantur
479 1829 557 1892 nos,
579 1822 615 1876 ut
635 1813 886 1878 subsisteremus
910 1820 944 1878 et
964 1813 1178 1898 procedentes
1200 1813 1317 1876 Sarra-

146 1933 258 1998 cenos,
280 1916 336 1998 qui
357 1913 455 1978 vaide
477 1915 682 1999 festinabam,
703 1937 768 1983 non
787 1935 1016 2002 sequeremur,
1038 1935 1209 2002 quousque
1227 1917 1317 1982 socia
1424 1954 1429 1972 .

145 2022 281 2086 inventa
302 2029 401 2082 esset.
444 2019 502 2084 Sic
523 2039 601 2104 ergo
622 2025 798 2087 mansimus
823 2041 896 2085 cum
919 2021 1110 2086 dominabus
1142 2022 1224 2102 iliis,
1256 2038 1318 2087 nec

145 2123 298 2209 progredi
320 2125 509 2191 volebamus
516 2170 527 2207 ,
558 2129 711 2208 quamvis
733 2126 906 2190 Sarracenl
928 2125 1037 2190 multis
1059 2125 1253 2190 elamoribus
1285 2132 1318 2186 et

145 2231 242 2294 minis
260 2247 322 2294 nos
344 2236 502 2294 vocarent
522 2228 565 2292 ad
577 2247 793 2312 progressum.
839 2229 923 2292 Cum
945 2246 1023 2312 ergo
1038 2228 1210 2310 vidissent,
1232 2226 1318 2312 quoti

146 2351 205 2397 eos
229 2335 324 2416 sequi
344 2352 408 2396 non
430 2333 601 2416 vellemus,
623 2333 787 2396 redierunt
809 2331 850 2396 ad
873 2351 954 2416 uos3
990 2343 1024 2396 et
1044 2332 1163 2398 auditis
1185 2331 1317 2416 qnaeri-

146 2439 263 2502 ruoniis
292 2438 401 2502 multis
440 2441 549 2504 statim
578 2442 734 2502 miserunt
766 2439 891 2525 aliquos
924 2437 965 2500 de
996 2439 1066 2502 suis
1100 2437 1317 2504 velocissimis

145 2547 239 2628 cquis
281 2553 315 2605 et
354 2545 498 2606 cumeis
532 2542 659 2625 aliquos
687 2545 879 2628 peregrinos
906 2543 1078 2625 robustus,
1111 2551 1145 2606 ut
1173 2543 1316 2609 vetulam

145 2655 350 2731 quaererent.
405 2643 470 2724 oui
491 2645 604 2729 rapido
625 2665 722 2711 cursu
743 2667 802 2731 per
821 2650 908 2715 viam
928 2647 1113 2712 solitudinis
1135 2647 1318 2712 descende·

146 2760 222 2816 runt
252 2749 294 2814 ad
315 2749 507 2834 Jordauem5
543 2751 708 2814 timuimus
741 2753 845 2834 enim,
883 2752 968 2835 quod
1002 2751 1086 2814 lorte
1121 2753 1155 2813 iu
1176 2751 1319 2817 Jordana

146 2855 318 2919 submersa
339 2856 469 2936 luisset,
493 2861 550 2920 aut
570 2873 613 2918 ex
633 2855 742 2919 inedia
763 2854 919 2921 delicians
941 2857 975 2917 in
997 2853 1172 2920 solitudine
1185 2854 1318 2935 jaceret,

146 2959 202 3022 vei
223 2959 311 3022 lorte
327 2959 395 3023 luto
422 2959 517 3041 juxta
537 2961 657 3024 iinmeu
683 2957 784 3022 infixa
807 2959 899 3022 errire
917 2975 983 3020 nun
1007 2964 1138 3039 posset,
1159 2966 1215 3020 aut
1237 2957 1320 3020 forte

147 3064 189 3126 ab
217 3064 325 3148 aliquo
357 3065 539 3129 Sarraceno
571 3081 729 3146 oppressa
768 3070 857 3128 esset
889 3071 944 3128 aut
978 3060 1117 3143 spoliata
1158 3071 1214 3126 aut
1243 3059 1318 3146 (B)

147 3176 259 3251 rapta,
290 3177 323 3234 et
344 3177 505 3234 commota
535 3176 613 3232 suut
643 3167 772 3231 viscera
798 3169 1043 3251 peregrinorum
1083 3183 1182 3249 super
1208 3184 1320 3234 sorore

146 3289 270 3354 sonim,
292 3273 443 3356 quamvis
464 3271 565 3355 aliqui
586 3271 706 3336 milites
728 3271 827 3338 rudes
850 3278 883 3334 et
904 3269 1055 3334 crudeles
1075 3281 1319 3354 murmurarent,

147 3375 387 3460 quodpropter
415 3394 512 3442 uuam
536 3377 679 3445 vetulam
700 3385 787 3442 totus
817 3378 980 3442 exemtus
1008 3376 1257 3460 inquietaretur,
1285 3385 1322 3443 et

146 3481 177 3544 ai
198 3482 274 3564 qais
295 3489 430 3549 secutus
451 3480 568 3546 brissei
589 3499 699 3546 eornm
720 3479 902 3562 consillum,
921 3479 1064 3544 vetulam
1087 3477 1175 3542 iiiam
1190 3477 1319 3544 omiliae

145 3581 384 3650 dimisissemua
405 3588 439 3652 iu
461 3583 653 3669 perditione.
696 3586 739 3648 iit
757 3586 792 3649 iu
814 3584 877 3650 hoc
906 3580 1105 3651 crudeliores
1127 3579 1319 3649 Sarracania

149 3687 298 3771 luerunt,
330 3693 385 3772 qni
406 3693 494 3758 anxii
534 3691 575 3754 de
602 3689 783 3772 perditione
812 3687 955 3752 mulieris
982 3687 1142 3759 timebant
1170 3705 1242 3752 caut
1279 3685 1320 3757 ab

147 3792 259 3876 aliquo
278 3793 391 3860 Arabe
411 3804 470 3860 aut
488 3795 668 3860 bladianita
688 3803 821 3876 pastore
840 3792 1011 3878 sublatam,
1032 3792 1088 3858 vei
1109 3808 1130 3856 a
1150 3789 1245 3855 leone
1264 3789 1319 3853 vei

147 3899 190 3962 ab
218 3898 284 3962 alia
305 3899 411 3964 bestie
431 3899 617 3966 devoratam
645 3904 678 3960 et
711 3899 872 3980 patienter
892 3898 1059 3960 nobiseum
1088 3897 1322 3980 suspectabapt

148 4002 183 4068 iu
205 4001 450 4072 ferventissimo
470 4006 579 4070 calore
603 4001 693 4068 solia.
737 4001 861 4066 verum
882 4009 974 4066 actor
992 4000 1117 4065 illorum
1140 4018 1321 4066 murmura·

149 4117 265 4191 taren,
286 4109 344 4190 qui
364 4124 502 4189 parvum
522 4107 713 4172 aestimabat
734 4105 885 4174 dunum
905 4105 1114 4189 perditionem
1134 4103 1267 4171 reomau
1289 4113 1323 4166 et

149 4211 234 4276 lorte
255 4215 400 4296 optabat,
420 4212 455 4274 ln
476 4227 590 4276 manua
610 4211 723 4276 incidit
743 4210 944 4296 vetularum,
968 4220 1002 4276 et
1022 4227 1105 4291 quas
1126 4215 1205 4272 aute
1226 4225 1321 4289 spre-

148 4328 253 4400 verat,
273 4334 348 4384 eam
371 4313 512 4380 lacrimis
539 4316 706 4384 exorabat.
746 4315 799 4380 Da
823 4315 876 4378 iria
896 4313 972 4378 ride
1002 4311 1123 4472 Mal?
1144 4311 1180 4374 Ι.
1208 4321 1242 4371 et
1264 4309 1320 4372 lei.
