3132 5206
682 199 723 266 71

93 393 130 450 et
152 385 227 449 snb
249 381 349 467 petris
369 391 481 467 antra,
501 391 535 448 et
555 383 589 447 in
610 365 741 446 mosis
759 374 937 466 parietibus
959 361 1139 466 cavernae,
1167 381 1285 465 partin

93 489 320 571 naturaliter,
341 489 458 572 purtim
479 486 690 554 artificialiter
717 485 842 574 lactae',
863 490 897 552 iu
928 487 1047 571 quibus
1079 485 1155 552 olim
1181 484 1285 570 dege·

96 596 183 660 burt
216 591 334 658 Sancti
365 595 549 674 christiani,
582 601 669 657 totus
696 586 782 658 enim
808 612 902 658 uons
936 590 1078 674 repletus
1105 599 1176 654 orat
1204 591 1285 656 viris

99 698 296 782 religiosis,
331 701 387 781 qni
409 718 483 764 cnm
514 699 653 764 Domino
683 697 728 763 ibi
756 701 789 762 in
821 697 1041 783 poenitentiali
1072 695 1285 778 castigatione

97 801 281 872 vivebant.
322 804 495 888 Evagatus
522 823 594 870 sum
625 802 659 866 in
688 813 825 888 utraque
854 821 928 868 mea
957 800 1218 886 peregrinatione
1251 801 1284 863 in

98 908 166 972 boe
190 925 293 972 sacro
314 916 423 970 monte
460 915 492 969 st
512 907 624 969 inveni
658 907 776 972 multas
801 907 953 991 cellulas,
984 908 1076 970 saxu
1103 904 1285 968 durissimis
1342 951 1346 960 .

98 1013 252 1094 incisas,
275 1019 308 1074 et
328 1013 364 1073 in
384 1011 623 1092 abruptissimis
644 1013 745 1094 petris
765 1013 957 1096 speluncas,
978 1012 1064 1074 etin
1093 1010 1285 1092 periculosis

99 1116 251 1180 saltibus
273 1132 449 1198 cavernas,
469 1116 503 1178 iu
525 1114 644 1198 quibus
676 1115 745 1180 vidi
767 1116 928 1183 horrenda
963 1123 1148 1180 sannorum
1170 1133 1285 1178 mona-

98 1221 248 1284 chornm
269 1219 452 1282 habitacula
479 1229 511 1282 et
530 1219 726 1302 deprehendi
739 1222 773 1284 in
791 1222 857 1284 illis
875 1221 1027 1284 cavernis
1045 1220 1117 1284 loca
1131 1219 1286 1284 distincta

100 1321 162 1407 pro
194 1325 362 1406 oratione,
393 1343 450 1407 pro
483 1323 689 1410 dormitione,
719 1346 779 1409 pro
809 1326 1000 1390 cibariorum
1027 1326 1284 1408 praeparatione,

100 1449 162 1514 pro
185 1447 300 1492 rernm
320 1431 577 1493 neomeniarum
598 1431 864 1516 conservatione,
885 1439 919 1494 et
940 1433 974 1492 in
994 1416 1173 1513 parietibus
1192 1426 1284 1495 ton·

102 1534 194 1597 nina
219 1532 381 1616 quadrata
400 1553 459 1618 pro
480 1532 632 1598 librorum
656 1535 862 1619 repositione.
905 1536 943 1598 ln
969 1535 1127 1618 oppositis
1147 1532 1284 1597 saltibus

102 1637 174 1701 vidi
206 1656 388 1722 cavernas,
419 1639 461 1702 ad
488 1658 572 1723 quas
602 1657 696 1702 nemo
724 1648 834 1722 potest
866 1640 980 1702 venire
1013 1639 1076 1702 nisi
1107 1643 1283 1702 venatores

101 1760 305 1828 caprearum
325 1750 359 1806 et
381 1744 539 1826 ferarum,
561 1745 731 1828 inquibus
753 1743 903 1808 monachi
923 1743 999 1808 oiim
1021 1743 1228 1836 habitavere3
1249 1748 1286 1804 et

103 1867 165 1931 per
187 1847 341 1912 occultos
364 1856 491 1914 meatus
510 1848 582 1931 (ll)
602 1848 765 1912 intrabant
786 1855 820 1911 et
841 1849 988 1930 abant,
1011 1857 1047 1912 et
1067 1850 1156 1914 viam
1177 1847 1283 1912 omni-

104 1953 166 2016 bus
190 1953 359 2034 celabam,
381 1958 500 2016 utnon
525 1954 783 2036 inquietarenur
803 1973 862 2037 per
883 1944 1087 2038 frequentias
1107 1952 1283 2020 nonnum.

104 2056 194 2142 Sed,
229 2059 313 2121 heu!
348 2075 461 2121 omnes
482 2055 546 2121 bae
567 2075 727 2121 cavernae
748 2066 783 2122 et
810 2057 946 2136 cellulae
968 2067 1043 2122 sunt
1061 2056 1128 2138 jam
1160 2071 1283 2118 vacuae

105 2171 138 2224 et
161 2163 310 2226 ioman
332 2161 458 2226 foveae.
502 2161 579 2226 Nou
599 2172 677 2226 sunt
699 2163 790 2226 multi
812 2161 916 2245 elapsi
938 2163 1033 2244 anni,
1069 2154 1155 2243 quod
1176 2156 1283 2221 adhuc

106 2275 296 2332 conventus
320 2266 544 2330 monachornm
568 2267 770 2332 orientalium
791 2267 837 2330 ibi
854 2265 1027 2349 habitavit,
1048 2281 1130 2349 qnos
1152 2261 1280 2350 qnidam

106 2369 265 2436 doninus
287 2367 449 2462 Gazarae,
471 2370 712 2463 Sarracenos,
716 2371 792 2472 inde
812 2371 937 2455 expulit
964 2378 998 2435 et
1031 2373 1116 2468 viarp
1140 2365 1182 2432 ad
1201 2385 1283 2451 spe-

107 2491 182 2539 onrn
206 2477 388 2560 destruxit,
424 2478 487 2560 ita,
519 2476 605 2560 quod
626 2474 720 2541 nemo
741 2477 831 2540 adire
862 2479 974 2559 potuit.
1018 2474 1087 2539 Sed
1117 2473 1282 2540 Soldanus

107 2599 166 2661 per
188 2581 399 2648 Christianos
419 2580 641 2664 interpellatus
675 2583 764 2645 viam
793 2583 955 2663 reperavit
975 2582 1037 2645 hoc
1058 2580 1169 2663 medo,
1198 2579 1282 2642 sicut

109 2682 207 2748 hodie
232 2695 308 2749 stat.
330 2685 385 2750 Ad
405 2688 487 2751 haec
509 2682 660 2748 motilena
684 2687 943 2750 conscenderunt
965 2683 1028 2753 dno
1050 2685 1280 2768 exploratores,

109 2806 193 2870 quos
213 2789 321 2856 Josua
346 2792 380 2853 in
402 2790 534 2855 Jericho
555 2790 702 2874 miseret,
734 2797 769 2856 et
788 2791 822 2854 iu
843 2791 1009 2873 speluncis
1028 2789 1095 2854 illis
1115 2788 1280 2854 latuerunt

106 2891 202 2973 juxta
228 2895 397 2960 consilinm
421 2895 513 2961 Raab
538 2893 734 2976 meretricis,
756 2901 792 2957 ut
811 2895 948 2958 hebetur
968 2893 1092 2958 Josnae
1111 2894 1146 2958 2.

110 3129 170 3208 De
193 3091 526 3207 ascensn'aiterius
561 3129 691 3206 montis
714 3139 753 3205 et
776 3062 1047 3205 difficultatibus
1068 3064 1280 3202 illibabilis

193 3312 407 3376 Perinstratis
436 3311 630 3376 habitaculis
647 3321 681 3374 et
701 3314 852 3376 cavernis
880 3311 1072 3376 Ιιιιοιιιιιιιιι
1095 3309 1281 3392 optavimus

112 3432 174 3480 nos
193 3433 274 3481 esse
306 3425 543 3500 consequenter
563 3415 597 3480 in
618 3415 802 3479 summitate
830 3417 965 3496 montis,
993 3413 1035 3476 sd
1066 3433 1162 3498 quarn
1184 3414 1281 3496 longa

110 3520 167 3581 via
187 3537 320 3602 sursum
348 3530 417 3584 erat
440 3540 498 3604 per
518 3520 698 3584 eminentes
715 3537 831 3602 rupes,
854 3529 887 3583 et
908 3519 989 3583 adeo
1010 3536 1108 3601 asper
1129 3528 1160 3584 ot
1181 3537 1280 3601 prae-

113 3639 193 3708 ceps
217 3643 376 3690 ιιιοιιιιιιι
401 3624 457 3690 ilie
488 3622 582 3692 nohis
614 3623 800 3705 videbatur,
828 3623 914 3707 qood
942 3643 1037 3686 uerno
1068 3625 1290 3707 sperabatose-

113 3745 215 3808 posce
245 3729 432 3795 ascertdera
482 3727 621 3808 Quidam
653 3735 760 3794 auteur
799 3737 868 3791 erat
899 3729 1085 3812 nobiscnm,
1114 3730 1169 3812 qni
1198 3727 1280 3791 alias
1384 3755 1387 3762 ·

112 3833 212 3898 etiarn
233 3822 441 3918 ascenderat,
463 3836 518 3920 qui
540 3833 620 3897 dixit
640 3832 753 3916 nobis,
785 3830 872 3916 quod
891 3851 957 3899 ιιιιι
978 3849 1148 3916 ροιιοιιιιιιι
1170 3834 1203 3894 in
1224 3830 1280 3894 illa
1420 3888 1424 3898 ,

116 3947 208 4016 parte
228 3938 270 4002 ad
290 3957 444 4003 acumen
466 3940 589 4022 venire,
603 3937 664 4001 sed
685 3937 716 4001 si
735 3935 895 4002 romnus
915 3935 1106 4030 accudere,
1118 3943 1280 4020 oporteret
1354 3987 1363 4004 .

117 4057 174 4104 aas
203 4040 297 4128 prasi
331 4042 471 4108 totaliter
502 4039 718 4127 descendere,
748 4051 782 4107 ct
808 4041 842 4108 in
870 4047 992 4108 nontis
1024 4041 1132 4106 ladice
1167 4048 1279 4103 contra

118 4147 297 4228 tquihnem
318 4165 452 4233 gyrare,
470 4157 504 4212 et
525 4150 567 4212 ab
587 4147 702 4213 eodem
721 4148 822 4214 latare
844 4165 1016 4232 possemus
1040 4147 1114 4210 sine
1132 4142 1278 4230 periculo

20 4297 25 4304 ·
119 4248 298 4337 naeeipnti
326 4253 519 4337 ascendere,
549 4253 609 4318 sed
640 4271 705 4318 ιιιιιι
725 4253 798 4318 sine
818 4251 1064 4339 gnada-tabere
1083 4261 1117 4314 et
1148 4247 1278 4316 rudore.

427 4374 470 4415 ι·
590 4376 611 4422 ι
