3132 5206
255 481 480 546 ,rtetmtribus
499 481 620 545 uostris
640 482 674 546 iu
695 481 802 546 medio
813 482 954 546 fluminis
975 483 1167 546 submersus
1180 498 1245 546 uon
1263 493 1437 567 eomperet.

264 587 383 652 Statim
404 595 438 650 ut
466 587 527 650 hoo
548 585 742 666 erudivimus,
763 589 948 651 uutevimus
971 585 1012 650 ed
1034 587 1157 669 looum,
1180 587 1236 650 ubi
1263 589 1438 653 immersus

264 693 379 775 iuerat,
400 691 490 754 stite
504 691 777 760 oireumusteutos
791 691 1071 774 praestolabamur
1084 709 1157 754 eum
1175 692 1313 774 prodire
1347 693 1438 755 Ψω-

209 852 215 861 .
263 797 335 860 dem
358 805 435 879 post
454 813 576 859 morem
599 796 681 860 sotis
706 795 836 878 longum
858 796 989 879 prodiit,
1011 814 1107 880 quem
1127 799 1240 861 stetim
1252 813 1313 880 per
1330 797 1438 879 ospit-
1562 783 1563 786 '

184 907 187 912 “
263 901 313 965 ios
334 917 461 964 sursum
481 901 638 964 treximus
663 909 695 963 et
716 899 758 963 eti
780 899 873 964 littus
894 900 982 964 eliud
1006 900 1176 964 eduximus
1186 919 1271 981 eum,
1290 901 1332 964 sd
1349 899 1438 984 quoti

263 1011 602 1088 tretmustoveremus‚
634 1005 712 1087 quie
743 1007 955 1090 propinquius
985 1013 1064 1070 erut.
1107 1005 1186 1068 liiret
1208 1014 1316 1069 eutem
1340 1005 1438 1088 qussi

263 1117 418 1186 mortuus,
430 1108 551 1191 gravis
569 1115 767 1190 uoepoteret
778 1109 871 1174 uobis
891 1109 1011 1192 [loqui]
1023 1106 1107 1191 (B),
1124 1125 1294 1196 quousque
1306 1123 1436 1189 equum,
1485 1121 1487 1124 ·

264 1228 350 1297 quse
379 1229 453 1276 eum
486 1214 681 1292 iutrovsmt,
721 1213 928 1278 evomiteuio
961 1213 1104 1296 ejiceret,
1164 1211 1239 1291 Quo
1269 1212 1376 1294 ejects
1401 1211 1437 1273 iu
1562 1275 1563 1280 ,

265 1318 471 1401 erepsvimus
489 1334 575 1394 eum,
597 1334 662 1400 qus
673 1317 895 1382 stultitiusiuo
913 1327 983 1381 erte
994 1318 1125 1382 uuteudi
1137 1335 1253 1401 equom
1260 1310 1438 1380 tntmsut

267 1420 331 1500 out
351 1421 535 1504 respoudit:
564 1440 585 1484 e
614 1421 786 1503 juveutute
820 1441 892 1486 mee
922 1441 1052 1506 semper
1082 1431 1184 1487 srtem
1217 1420 1306 1484 iilum
1341 1419 1439 1500 seiri,

169 1539 172 1546 ·
265 1533 376 1609 utpote
394 1526 491 1609 juxto
522 1541 633 1610 eques
649 1527 798 1591 nutritus.
842 1526 910 1590 Soti
931 1536 1104 1611 postquem
1136 1527 1169 1590 iu
1197 1525 1337 1590 medium
1357 1523 1439 1586 Jor-
1562 1561 1563 1576 η

266 1631 362 1696 duuis
386 1631 480 1712 veui,
506 1629 631 1714 eliquid
651 1632 714 1695 sub
735 1649 819 1715 equs
840 1632 987 1696 existens
1011 1651 1063 1694 me
1096 1631 1219 1713 tetigit,
1252 1649 1316 1713 quo
1345 1636 1440 1692 teotu
1561 1595 1563 1618 ⁴

164 1751 169 1760 “
266 1736 348 1802 odeo
369 1738 499 1801 territus
520 1735 585 1818 tut,
614 1735 701 1818 quod
722 1754 817 1801 omne
839 1737 937 1801 robur
957 1736 1175 1824 membrorum
1202 1731 1343 1817 perdidi,
1376 1750 1439 1796 ueo

179 1888 192 1905 e
265 1841 409 1906 bruebiis
431 1857 493 1902 uee
521 1840 670 1906 eruribus
691 1859 742 1902 mo
759 1840 878 1923 juvere
899 1841 996 1906 volui.
1040 1841 1133 1902 Haeo
1162 1846 1268 1902 sutem
1299 1837 1439 1921 ioqueus

265 1963 323 2032 per
341 1952 510 2009 tremorem
532 1953 708 2040 stereuou
736 1949 851 2029 potuit.
895 1946 997 2011 Porro
1019 1943 1192 2008 Surrseeui
1221 1963 1264 2007 ex
1288 1945 1438 2026 opposito
1562 1991 1563 1996 η

264 2052 406 2132 stabunt,
427 2057 462 2112 et
478 2049 669 2133 oiemubuut,
691 2059 726 2114 ut
748 2051 845 2114 fluem
868 2052 1049 2115 taceremus
1083 2055 1118 2111 et
1145 2055 1437 2115 treusuoteremus.

237 2141 239 2148 '
264 2153 530 2220 Confertovimus
547 2171 626 2237 ergo
642 2154 732 2230 iilum
749 2157 966 2239 peregrinum,
987 2163 1020 2216 et
1036 2171 1148 2216 seeum
1161 2171 1277 2237 equom
1294 2153 1437 2236 ingressi

265 2275 390 2342 sumus,
416 2257 476 2322 sed
497 2257 571 2322 dum
593 2259 758 2341 paululum
779 2261 919 2325 ustsudo
940 2261 1178 2345 processisset,
1199 2260 1314 2322 iterum
1335 2259 1438 2340 mergi

265 2365 381 2446 eoepit,
402 2381 498 2446 quem
519 2381 578 2445 per
600 2364 736 2446 capillos
758 2369 911 2424 tenentes
935 2364 1025 2427 fores
1045 2362 1217 2428 eduximus
1242 2383 1315 2428 eum
1347 2362 1437 2426 diiii·

151 2537 160 2553 ,
266 2465 398 2548 oultote‚
422 2475 455 2528 et
476 2468 561 2529 iuter
581 2469 664 2533 hbeo
683 2468 814 2529 etebout
835 2467 1006 2531 Serrsoeui
1028 2475 1141 2530 eoutre
1173 2486 1234 2534 uos
1262 2469 1438 2551 impetien-

185 2558 199 2592 '
235 2616 240 2625 .
267 2569 383 2632 tissimi
405 2576 438 2630 et
459 2567 652 2638 elsmubont.
694 2571 768 2634 Duo
784 2581 893 2634 eutem
916 2573 1017 2636 fortes
1036 2573 1200 2655 peregrini
1221 2573 1304 2635 boue
1324 2581 1439 2635 uetere

266 2675 411 2736 seientes
447 2691 486 2736 eo
523 2682 667 2737 assumto
694 2676 727 2738 in
757 2675 894 2739 medium
930 2697 1057 2760 eorum,
1088 2687 1123 2740 ut
1144 2687 1281 2760 utroque
1307 2677 1438 2741 brechio

266 2787 436 2862 utrumque
453 2777 627 2862 stringeret
657 2787 690 2842 et
717 2779 757 2843 sd
791 2782 875 2846 coiis
905 2801 1014 2846 eorum
1036 2781 1213 2866 penderet,
1235 2793 1268 2846 et
1289 2784 1353 2865 ipsi
1374 2798 1438 2844 ue-

231 2910 242 2921 ··
267 2884 367 2949 mittio
387 2885 438 2948 sio
456 2902 530 2948 eum
551 2882 753 2949 roduoereut.
797 2887 950 2952 Sericum
970 2894 1085 2952 ustum
1106 2888 1301 2969 iueipereut,
1323 2903 1438 2950 omues

267 3000 336 3054 tres
356 2990 499 3054 immersi
520 2999 607 3073 suut,
633 3000 665 3052 et
687 2991 733 3054 ilii
752 2991 815 3056 duo
836 2996 898 3057 sub
920 2995 1016 3078 equis
1036 2993 1093 3056 vix
1114 3011 1153 3056 se
1174 2995 1214 3056 ub
1237 3012 1276 3055 eo
1294 2991 1438 3056 evellere

267 3101 459 3178 potueruut,
493 3101 526 3154 et
555 3092 662 3155 evulsi
695 3096 736 3156 eb
765 3115 804 3160 eo
835 3097 1029 3179 prodierunt
1087 3098 1148 3160 ilie
1177 3106 1284 3160 eutem
1316 3097 1437 3161 diutius

264 3198 395 3279 meusit,
413 3203 447 3258 et
467 3195 582 3258 iterum
603 3195 730 3279 prodiit,
753 3217 848 3282 quem
870 3202 957 3265 sieut
980 3204 1069 3286 prius
1085 3202 1129 3267 ed
1145 3203 1238 3266 littus
1249 3201 1437 3264 reduximus

183 3351 193 3368 .
265 3319 368 3388 poene
378 3307 537 3364 mortuum
555 3310 588 3364 et
599 3302 747 3367 omuibus
767 3305 891 3370 viribus
905 3307 1106 3377 destitutum.
1130 3344 1134 3352 ·
1150 3308 1260 3390 Porro,
1283 3305 1437 3371 duetores

265 3415 376 3470 uestro
406 3400 642 3470 meudovemnt
677 3407 788 3490 uobis,
821 3412 908 3494 quod
937 3431 1051 3476 omues
1087 3421 1365 3476 treusueteremus
1394 3408 1437 3472 ed

265 3511 462 3575 vestimento
482 3519 594 3574 nostre
614 3521 648 3576 et
669 3516 874 3597 peregrinum
904 3517 994 3582 ilium
1010 3526 1099 3582 sture
1115 3518 1382 3602 permitteremus,
1403 3523 1438 3578 et

265 3618 329 3700 ipsi
362 3615 475 3680 videre
503 3615 627 3680 velient
657 3616 699 3681 de
729 3618 801 3702 ejus
833 3621 1035 3715 reduotique,
1068 3632 1102 3686 et
1136 3627 1434 3686 treusueteveruut.

258 3717 415 3809 Cumque
437 3731 469 3785 et
490 3739 553 3806 ego
575 3731 779 3790 treusustere
799 3727 938 3812 vellem,
972 3745 1015 3792 ex
1041 3728 1186 3811 perieuie
1216 3729 1291 3790 viso
1315 3725 1436 3789 invasit

265 3843 318 3890 me
347 3829 461 3911 timor,
484 3835 517 3891 et
538 3837 676 3893 tremere
695 3832 790 3914 eoepi
819 3835 922 3896 etsie
943 3833 1108 3918 eogitari:
1130 3849 1219 3916 eoee,
1240 3851 1283 3894 ex
1302 3807 1436 3894 levitste

118 3970 129 3983 -
264 3933 469 3996 trousuetovi
500 3941 533 3996 et
555 3934 727 4018 elongatus
747 3955 818 4000 sum
841 3938 881 4001 sb
903 3939 1013 4002 bobitu
1034 3937 1158 4002 ordinis
1179 3939 1253 4020 mei,
1275 3946 1309 4000 et
1322 3944 1437 4000 eostre

264 4036 510 4120 prohibitionem
539 4035 740 4103 dominorum
768 4039 938 4106 duetomm
960 4043 1025 4107 hue
1056 4044 1143 4106 veui.
1196 4041 1234 4106 st
1261 4042 1436 4123 obsorptus

265 4140 356 4206 fuero
377 4159 398 4204 o
417 4141 576 4223 proiimdo
600 4141 687 4208 illius
719 4162 824 4229 equae
854 4147 1040 4211 absorbebit
1071 4166 1123 4210 me
1157 4145 1351 4231 proiuudum
1382 4145 1437 4207 iu-

262 4243 350 4308 t'emi
383 4256 515 4330 propter
538 4232 732 4312 'dissolutum
763 4248 929 4315 levitatem
951 4259 984 4315 et
1005 4252 1219 4336 irreligiosum
1242 4248 1432 4329 opuntem,

261 4359 395 4433 propter
437 4369 533 4436 quum
572 4352 669 4417 etism
713 4351 796 4418 sorte
845 4357 1208 4424 exeommuuieetiouem
1261 4351 1360 4418 mettii
1402 4360 1437 4416 et
