3202 5218
822 296 887 361 bil

267 477 492 566 suspicsbatur
520 477 583 542 sibi
603 477 766 542 cecidisse
786 479 972 562 pecuniam,
1004 477 1171 543 festinavit
1205 485 1240 540 et
1261 495 1322 540 nos
1343 495 1455 560 pere-

267 588 353 672 grini
374 603 446 650 curn
469 601 525 664 eo3
547 584 768 666 quaesivimus
788 594 906 662 autem,
927 584 987 648 sed
1000 603 1064 646 nou
1086 583 1281 665 invenimus,
1297 581 1453 663 vestigia

267 695 375 756 omnia
403 689 455 751 sui
481 688 637 752 transitus
669 688 893 770 lustravimus,
926 688 985 752 sed
1013 689 1046 751 in
1069 706 1187 751 vanum
1209 687 1448 750 laboravimus.

265 795 401 860 Sciebat
435 800 541 856 autem
571 811 629 876 pro
666 802 770 877 certo,
798 795 861 857 sibi
889 795 1059 876 pecuniam
1088 793 1193 856 solum
1221 794 1254 854 in
1284 791 1339 853 illo
1368 791 1449 854 loco

267 899 437 965 cecidisse.
478 896 601 960 Locum
624 916 701 980 ergo
732 901 905 963 circuimus
926 909 957 962 et
990 916 1107 962 arenas
1142 916 1237 958 menn
1258 897 1448 958 evertimus
1548 925 1549 930 κ

268 1015 302 1070 et
323 1001 585 1086 observavimus,
608 1021 650 1065 ne
670 1003 809 1086 Arabes,
830 1003 884 1066 vel
905 1003 1085 1083 cemeterii,
1107 1013 1161 1068 aut
1182 1001 1330 1081 asinarii,
1352 1017 1446 1082 quos
1548 985 1549 1002 ³

267 1111 357 1174 tures
390 1125 466 1170 esse
498 1123 598 1190 saepe
630 1106 918 1190 deprehendimus,
952 1106 1161 1188 accederent,
1194 1105 1254 1168 sed
1286 1101 1360 1167 dum
1384 1103 1449 1166 diu
1548 1181 1549 1186 ἵ

267 1214 397 1278 solliciti
417 1213 693 1296 quaesivissemus
714 1221 746 1274 et
766 1213 844 1276 uibil
861 1213 1112 1292 invenissemus,
1130 1211 1299 1294 pecuniam
1319 1211 1450 1271 inven-

266 1329 333 1383 tam
356 1333 431 1380 esse
452 1325 484 1378 ot
506 1315 663 1380 sublatam
684 1317 850 1408 abaliquo
869 1316 980 1379 Arsbe
997 1316 1050 1378 vel
1066 1317 1207 1387 osinorio
1221 1313 1443 1396 judicavimus

267 1432 301 1486 et
322 1421 432 1486 habita
452 1422 612 1483 internos
634 1419 873 1501 deliberatione,
890 1420 1049 1505 quomodo
1065 1437 1131 1482 rem
1148 1438 1248 1502 agere
1269 1417 1436 1496 vellemus,

268 1535 303 1590 ut
325 1525 492 1609 pecuniam
516 1523 672 1588 rebabere
692 1542 881 1606 possemus,
904 1526 1086 1609 optavimus
1114 1523 1235 1586 licitum
1257 1523 1343 1602 fore,
1365 1521 1444 1582 mit·
1547 1519 1549 1534 ⁴

268 1641 338 1694 tere
358 1638 464 1692 sortes
489 1635 522 1689 et
541 1647 600 1710 per
619 1638 727 1692 sortes
754 1630 932 1712 inquirere,
954 1632 1039 1693 sicut
1062 1629 1186 1692 Josuae
1207 1628 1282 1690 Vll.
1327 1625 1443 1687 Aebas
1548 1691 1549 1698 ἵ

273 1735 325 1798 fur
346 1735 499 1796 iuventus
529 1740 635 1796 estet
664 1733 824 1796 Jonatbas
847 1753 939 1798 esurn
967 1736 1149 1819 accipiens,
1187 1735 1214 1796 l.
1241 1727 1443 1813 Regillis.

267 1837 336 1906 Sed
361 1855 425 1900 nou
460 1835 550 1900 licuit
571 1838 605 1898 iu
636 1837 698 1900 boo
716 1855 796 1902 casu
822 1850 942 1903 sortem
976 1841 1118 1924 mittere,
1141 1840 1218 1921 quia
1247 1833 1446 1919 prohibitum
1548 1859 1549 1862 ¹

268 1943 359 2008 Extr.
382 1941 424 2004 de
444 1939 552 2004 Sortil.
577 1942 612 2005 C.
638 1943 665 2006 l.
702 1941 927 2026 cogitavimus
949 1961 1027 2026 ergo
1049 1951 1084 2006 et
1105 1941 1333 2019 conclusimus,
1356 1935 1447 2020 quod

269 2065 382 2113 ornrres
403 2047 549 2132 Arabes,
580 2047 770 2111 camelarios
796 2058 829 2111 et
857 2048 1035 2130 asinarius,
1068 2050 1238 2132 quierant
1265 2044 1448 2121 nobiscum,

270 2155 430 2218 vellemus
451 2155 484 2215 iu
505 2171 603 2214 uuum
626 2153 688 2233 (b)
711 2159 929 2235 congregatos
959 2153 1147 2236 obsecrare,
1178 2160 1212 2213 ut
1234 2151 1447 2210 restituerent

271 2260 460 2343 pecuniam,
493 2255 569 2338 quia
600 2257 629 2319 si
657 2267 774 2339 sponte
806 2255 935 2320 tradere
972 2257 1110 2338 uellent,
1139 2267 1217 2319 tunc
1245 2261 1358 2316 contre
1388 2267 1448 2312 eos

270 2362 430 2426 vellemus
451 2362 637 2442 insurgere,
660 2361 842 2444 captivare,
864 2360 1002 2444 nudare,
1024 2369 1212 2444 percutere,
1241 2367 1393 2440 torquere
1415 2361 1447 2416 et

272 2469 450 2549 castigare,
472 2464 576 2527 donec
599 2464 789 2546 redderent;
812 2483 940 2528 eramus
962 2467 1047 2527 enim
1071 2464 1181 2546 plures
1207 2481 1303 2546 quam
1327 2461 1391 2541 ipsi
1413 2465 1447 2518 et

273 2571 379 2654 magis
401 2567 548 2650 dispositi
570 2567 611 2630 ad
634 2568 833 2633 inferendam
855 2572 932 2636 virn.
976 2568 1034 2632 Sic
1055 2569 1190 2632 corrsilio
1213 2565 1368 2629 cortcluso
1390 2579 1447 2622 ss-

275 2676 385 2737 ceusis
407 2673 510 2736 asinis
529 2673 764 2756 praecedentes
785 2673 928 2738 cameles
949 2675 1053 2736 secuti
1074 2691 1186 2735 sumus
1207 2690 1280 2734 eum
1303 2669 1447 2743 tristitie,

274 2780 323 2842 irs
345 2788 377 2841 et
407 2776 628 2859 indignatione
660 2787 691 2840 et
723 2778 766 2841 ad
794 2797 851 2841 ees
878 2779 1049 2842 venientes
1081 2777 1183 2840 torvis
1210 2775 1356 2840 vultibus
1389 2789 1446 2833 eos

276 2882 477 2966 respeximus
505 2881 685 2964 Caliuoque
719 2882 858 2947 diximus
879 2884 1037 2946 intentum
1065 2892 1227 2964 nostrum;
1255 2874 1340 2963 quod
1371 2875 1446 2938 dum

276 2987 457 3050 audivisset
480 2983 637 3068 Cotinos,
659 2988 808 3051 turbatus
838 2997 889 3050 est
908 2996 943 3050 et
963 2989 1151 3050 convocatis
1173 2985 1340 3065 omnibus,
1367 2997 1449 3064 ques
1547 2999 1549 3014 ·

276 3101 447 3174 suspectos
469 3091 657 3173 babuimus,
688 3094 803 3174 petivit
824 3102 1004 3176 opportune
1031 3101 1062 3154 et
1089 3093 1288 3173 importune,
1320 3085 1448 3149 restitui

276 3213 388 3257 aurum
410 3198 586 3257 inventum.
630 3194 697 3257 Sed
720 3214 783 3257 uon
803 3205 889 3278 erat,
911 3197 966 3280 qui
990 3213 1101 3257 verum
1128 3194 1347 3278 responderet.
1377 3191 1446 3252 Nos

276 3299 372 3360 etiem
395 3315 453 3359 eos
478 3301 681 3380 rogavimus,
705 3307 740 3360 ut
760 3299 922 3361 traderent
944 3308 977 3361 et
1008 3301 1167 3361 inventori
1190 3315 1306 3362 munus
1326 3297 1447 3379 promi·

276 3403 394 3481 simus,
427 3399 486 3462 sed
508 3401 585 3462 nibil
608 3401 819 3484 proiecimus,
854 3402 903 3464 sio
935 3420 1013 3484 ergo
1035 3406 1200 3466 amarioott
1235 3411 1270 3465 et
1297 3399 1446 3464 commoti
1548 3435 1549 3448 ι

276 3505 496 3590 processimus
517 3512 550 3567 et
571 3507 677 3568 mines
703 3507 752 3568 eis
774 3506 922 3570 dedimus
962 3525 1086 3591 eosque
1117 3518 1322 3590 prosternere
1342 3503 1446 3567 conati

275 3629 389 3676 sumus
410 3620 443 3674 et
464 3628 563 3674 onera
584 3608 743 3696 dejicere,
770 3622 802 3675 et
827 3612 945 3676 milites
967 3613 1152 3696 evaginatis
1172 3613 1290 3694 gladiis
1320 3613 1448 3675 stabant

275 3721 311 3780 et
333 3716 453 3779 nullum
474 3715 650 3800 praeterire
680 3717 916 3798 permittebant.
961 3716 1120 3780 Videntes
1148 3727 1254 3780 autern
1283 3715 1445 3780 camelarii

276 3827 311 3882 et
331 3821 463 3884 asinarii
481 3821 598 3884 serium
622 3830 764 3884 nostrum
790 3831 822 3885 et
837 3821 923 3906 quod
943 3822 1156 3904 importunius
1175 3805 1361 3904 ageremus,
1377 3829 1446 3883 stu·

276 3924 396 4008 peiacti
417 3934 509 4005 sunt,
537 3933 687 4006 petentes
708 3925 874 4009 Celinum,
905 3934 943 3989 ut
970 3925 1100 3988 sedaret
1122 3927 1262 3990 furorem
1294 3934 1447 4005 nostrum,

275 4047 317 4091 ue
338 4029 527 4092 innocentes
547 4029 704 4092 violentia
723 4034 938 4094 turbarentur.
983 4028 1110 4108 Quibus
1131 4027 1267 4094 Caliuus
1291 4031 1444 4093 intentum

275 4140 417 4196 nostrum
437 4133 604 4215 exposuit,
626 4132 755 4214 diceus,
786 4133 872 4218 qued
893 4135 994 4217 primo
1012 4134 1171 4198 vellemus
1193 4153 1318 4198 omnem
1338 4133 1448 4216 supel-

274 4237 413 4302 lectilem
437 4256 546 4301 eorum
567 4238 600 4300 iu
621 4237 754 4302 camelis
781 4249 814 4302 et
834 4235 935 4301 esiuis
960 4247 1107 4302 evertere
1130 4247 1165 4300 et
1184 4239 1383 4323 perscrutari
1404 4245 1446 4318 et,

275 4341 306 4405 si
325 4343 494 4426 pecuniam
515 4361 580 4408 non
601 4344 832 4426 inveniremus,
848 4345 881 4409 in
902 4362 959 4408 eos
979 4343 1138 4408 vellemus
1157 4345 1280 4408 irruere
1299 4352 1330 4404 et
1348 4361 1450 4426 usque
