3240 5222
793 221 795 226 .
842 216 846 226 ι

927 264 930 273 ι

1047 381 1056 392 3

237 479 239 482 ’
285 496 339 553 'et
361 487 567 554 silvestribus
588 488 758 553 arboribus
780 489 913 596 repleta,
934 497 968 552 et
988 499 1103 553 contra
1123 499 1244 554 morem
1265 489 1353 610 illius
1373 497 1482 552 terrae

308 595 402 677 aquia
424 600 494 656 erat
516 592 657 657 humida.
1100 651 1104 660 .
1171 611 1175 620 ·
1422 609 1425 616 '

390 696 490 760 Porro
512 697 599 760 circa
618 696 781 762 meridiem
805 699 965 761 exivimus
998 695 1150 763 montana
1175 708 1211 761 et
1231 700 1264 761 in
1286 699 1482 780 campestria

309 806 382 868 loca
409 804 577 885 venimus,
609 805 830 885 venimusque
860 783 920 865 nos
955 812 1067 865 contra
1105 813 1249 867 austrum
1295 803 1405 865 atatim
1446 809 1481 864 tn

306 908 468 982 radicibus
506 909 657 977 montium
697 917 730 970 et
758 909 791 970 in
821 907 1037 970 fertilissimos
1072 924 1171 990 agros
1206 908 1374 990 venimus,
1418 911 1476 991 qui

305 1015 394 1100 pleni
413 1014 543 1078 stabant
570 1011 667 1076 clivis
696 1012 831 1074 etheis.
875 1011 1055 1074 Petivimus
1076 1021 1183 1076 autem
1210 1011 1481 1104 'llrutschclman-

245 1137 249 1144 ·
306 1140 382 1184 num
417 1127 580 1200 nostrum,
614 1126 650 1179 ut
685 1119 823 1200 epatium
862 1114 1078 1178 manducandi
1109 1115 1291 1201 indulgeret
1323 1116 1417 1179 nohis
1446 1119 1482 1178 ln

307 1225 421 1289 umbra
441 1223 591 1294 arborum
613 1221 754 1305 illarum,
775 1219 835 1283 sed
867 1221 968 1285 noluit
996 1221 1125 1304 dicens5
1149 1221 1235 1306 quod
1257 1219 1373 1283 cameli
1394 1237 1480 1282 cue-

133 1312 136 1320 *
225 1365 230 1374 ·
310 1333 372 1396 rati
391 1328 465 1393 ideo
487 1346 552 1391 nou
572 1327 726 1390 deberent
748 1329 917 1413 exonerati
922 1371 933 1408 ,
963 1343 1025 1388 nec
1045 1336 1181 1407 possent
1199 1326 1250 1388 sie
1271 1324 1394 1388 onerati
1414 1323 1482 1388 llxe

307 1446 397 1512 stare
420 1451 486 1510 ,nec
516 1433 588 1495 siue
609 1432 706 1494 nobis'
725 1430 1085 1520 deberentprocedere.
1121 1429 1164 1493 llt
1185 1431 1249 1494 hoc
1268 1447 1382 1492 verum
1407 1427 1481 1491 luit.

308 1540 366 1604 Sic
396 1556 475 1620 ergo
514 1536 733 1619 processimus
776 1543 810 1596 et
840 1535 873 1596 in
902 1535 1004 1598 asinis
1029 1534 1183 1598 sedentes
1215 1535 1412 1599 comedimus
1446 1543 1482 1596 et

307 1645 447 1708 bibimus
469 1661 524 1723 ea,
549 1658 634 1721 quae
647 1638 692 1701 'ad
715 1657 843 1702 manum
865 1639 1046 1702 habuimus.
1076 1637 1135 1703 Sic
1157 1641 1243 1702 e'nim
1268 1657 1381 1703 omncs
1403 1656 1479 1700 cum

306 1746 451 1812 oneratis
472 1743 606 1808 anelis
638 1743 830 1822 incedentes
859 1745 968 1808 facere
997 1743 1065 1825 (ΙΙ
1078 1745 1120 1824 a)
1144 1762 1283 1808 necesse
1304 1751 1373 1825 est,
1403 1742 1481 1827 quia

310 1861 399 1917 stare
428 1851 493 1914 fixe
518 1869 582 1913 non
604 1859 743 1933 possunt
770 1850 831 1912 suh
859 1850 1029 1931 oneribus,
1061 1851 1147 1912 siout
1169 1850 1283 1913 molius
1305 1844 1428 1930 patebit
1442 1837 1483 1908 ¹in

310 1957 449 2020 transitu
486 1955 616 2023 deserti.
667 1943 765 2017 Circa
795 1970 953 2036 vesperas
983 1941 1210 2028 a-montanis'
1245 1952 1483 2043 declinavimus

308 2055 460 2141 paulatim
489 2059 575 2120 etin
609 2058 784 2123 latissimos
806 2074 939 2141 campos
959 2056 1166 2119 Palaestinae
1186 2059 1334 2120 venimus
1349 2058 1390 2119 in
1411 2064 1483 2118 ter-

307 2180 375 2225 ram
402 2161 644 2226 Philistinorum
672 2172 784 2227 contra
814 2164 963 2226 llzotum.
1014 2161 1220 2225 Protenditur
1253 2169 1362 2225 antam
1399 2161 1484 2224 haec

261 2342 272 2365 .
308 2264 444 2328 latitudo
475 2267 508 2328 in
542 2265 640 2329 latum
663 2284 682 2328 a
704 2259 865 2330 montanis
900 2259 1068 2350 usquead
1094 2285 1183 2330 mare
1211 2266 1482 2330 mediterraneum

308 2386 367 2449 per
398 2369 459 2431 tria
486 2368 633 2434 milliaria
657 2373 838 2452 teutonica,
869 2390 927 2454 per
953 2372 1085 2454 longum
1113 2379 1221 2434 autem
1244 2389 1264 2433 a
1288 2370 1418 2453 Joppen
1446 2377 1483 2432 et

308 2479 420 2534 monte
440 2471 591 2554 Ephraim
614 2492 719 2558 usque
739 2477 772 2538 in
806 2478 969 2558 regionem
1002 2475 1159 2541 (leraram
1180 2477 1214 2538 iu
1235 2475 1415 2564 Bersabee,
1447 2483 1482 2536 et

306 2575 342 2638 in
368 2574 577 2659 illa-planitia
597 2588 674 2642 suut
706 2577 864 2650 'civitates'
889 2582 972 2644 sitae
1006 2580 1140 2663 multuo,
1169 2582 1343 2664 praecipue
1371 2589 1481 2641 tamen

309 2681 470 2766 quinque,
492 2701 577 2766 quae
597 2690 692 2747 erant
713 2684 842 2767 regales
868 2694 904 2747 ct
921 2685 1117 2768 principales
1144 2684 1387 2749 Philistiuorum
1409 2685 1484 2774 sive

309 2783 586 2872 Palaestluorum‚
623 2808 758 2872 quarum
786 2791 916 2853 nomina
944 2798 1020 2855 sunt
1047 2791 1144 2854 haec:
1183 2787 1289 2873 Geth,
1318 2788 1496 2870 decaron,-

307 2889 447 2974 Azotos,
464 2892 609 2957 Ascalon
625 2892 778 2958 ettlaza..
795 2896 833 2956 ln
855 2893 906 2956 his
928 2895 1069 2977 quinque
1089 2894 1274 2956 civitatibus
1296 2891 1484 2955 residebant

307 2998 450 3080 quinque
459 3006 609 3102 satrapae
619 2997 871 3082 Philistincrum,
882 2997 918 3061 ut
929 3006 1018 3080 patet
1030 2999 1057 3061 1.
1070 2997 1153 3082 lleg.
1164 2997 1222 3072 Vl.
1234 2993 1277 3060 Et
1287 3013 1401 3071 omnes
1416 2997 1481 3058 hae

307 3101 459 3164 civitates
470 3113 546 3164 sunt
562 3104 645 3166 sitae
654 3120 758 3186 super
769 3103 860 3164 littus
872 3103 970 3164 maris
984 3119 1093 3196 magur
1084 3101 1164 3164 vel
1175 3111 1240 3166 nou
1250 3103 1349 3184 louge
1359 3102 1481 3164 amari

259 3265 262 3272 ,
387 3201 481 3271 Geth
502 3205 560 3267 luit
581 3207 621 3268 ab
644 3210 776 3289 antiquo
797 3206 925 3267 civitae
935 3206 1102 3286 gigantum
1125 3206 1306 3302 fortium,
1298 3224 1394 3302 quam
1416 3204 1501 3267 Jc-·

308 3323 390 3383 sua,
423 3307 475 3370 vir
496 3299 785 3404 bellicosissimus,
816 3325 1003 3391 expugnare
1035 3328 1099 3372 nou
1130 3313 1249 3400 potuit,
1282 3312 1367 3374 sicut
1392 3317 1483 3390 patet

306 3409 433 3500 donuae
450 3412 506 3474 xt.
529 3411 624 3475 Unde
646 3419 678 3472 et
703 3409 844 3502 Goliath,
860 3430 962 3500 quem
984 3417 1146 3495 percussit
1167 3414 1284 3496 David,
1308 3412 1480 3497 (lethaeus

173 3499 177 3508 ¹
236 3497 240 3504 ¹
306 3515 389 3598 luit,
411 3497 447 3579 ut
469 3515 614 3598 patetl.
636 3513 720 3598 Reg.
742 3515 850 3578 XVll.
882 3518 926 3579 llt
945 3519 977 3581 ἲ.
998 3513 1081 3603 tte'g
1102 3522 1155 3584 at.
1178 3514 1332 3586 recitatur
1353 3514 1395 3580 de
1416 3533 1482 3578 uno

255 3647 259 3655 ·
308 3616 457 3682 (lethaeo
491 3637 626 3702 magno,
660 3620 746 3704 quod
767 3621 878 3684 habuit
909 3623 1021 3686 XXlV
1054 3624 1201 3708 digitos3
1229 3632 1263 3686 et
1294 3621 1395 3685 multa
1417 3619 1483 3721 alia

310 3721 459 3786 dicuntur
480 3723 521 3786 de
543 3725 658 3787 Geth
648 3744 682 3788 nr
703 3727 864 3808 scriptura
885 3745 989 3791 saera.

391 3827 510 3891 Dicunt
532 3831 637 3892 etianr
650 3830 820 3913 historiae,·
841 3831 926 3914 quod
947 3838 1082 3894 sanctus
1105 3829 1360 3914 Christophcrus
1383 3829 1481 3894 luerit

280 3991 285 4002 ,
307 3930 487 3997 (lethaeus.
517 3933 560 3996 Et
582 3933 678 3998 hodie
697 3936 909 4001 hominesihi
932 3937 1009 4000 neti.
1019 3935 1217 4026 robustiores
1238 3946 1272 3998 et
1292 3936 1480 3998 bellicosio-

183 4047 187 4056 '
307 4055 361 4101 res
389 4055 465 4101 asse
502 4037 659 4102 dicuntur.
695 4037 831 4101 Dudum
861 4049 967 4102 autem
1001 4039 1075 4101 luit.
1096 4038 1261 4102 destinata
1298 4048 1331 4101 et
1355 4038 1491 4100 mansit.

270 4191 275 4199 .
305 4145 442 4224 parvum
464 4143 650 4227 vinagium,
671 4144 757 4227 quod
779 4142 900 4208 (liblim
922 4161 1009 4206 rrunc
1042 4141 1178 4227 dicitur,
1200 4153 1234 4208 ct
1254 4162 1320 4206 non
1337 4143 1439 4224 'louge
1460 4159 1483 4203 a

304 4245 435 4331 Jcppen
475 4247 603 4330 etjam
636 4249 692 4310 via
723 4248 821 4322 maris
861 4247 913 4328 [a]
943 4249 1098 4330 portubus
1131 4248 1241 4314 distat.
1284 4249 1353 4310 Sub
1389 4244 1481 4310 Geth

304 4349 532 4417 descendendo
554 4371 612 4436 per
633 4352 723 4416 littus
745 4352 842 4414 meris
864 4355 972 4434 magni
994 4351 1035 4415 ad
1059 4352 1122 4415 duo
1147 4355 1294 4418 milliaria
1313 4351 1479 4414 teutonica
