3204 5216
722 255 862 320 Μ’

154 441 195 503 itt
215 439 363 520 antistat
381 430 553 505 mvieulne
568 436 781 524 jaetabantur
803 436 935 522 magnis
957 439 1127 524 fluetibus,
1152 409 1219 526 ita,
1249 443 1335 527 quod
1364 414 1371 427 ⁸

41 577 42 636 3
157 561 226 608 nee
246 538 325 631 spes
341 526 506 608 evadendi
527 552 660 606 mortem
683 549 781 608 esset.
825 544 863 607 ln
886 541 937 606 his
961 546 1047 607 enim
1069 547 1227 628 augustiis
1257 567 1335 630 rup-

158 661 231 716 tum
255 645 583 732 turegubernnnnlnm
605 650 731 732 barcae,
753 647 788 710 in
810 663 876 730 que
897 655 993 711 erant
1012 646 1133 712 damini
1155 651 1229 732 mei,
1250 659 1285 712 et
1302 653 1335 714 in
1397 684 1420 710 -,

158 753 305 816 maxime
336 761 427 814 erant
451 751 611 835 periculo,
640 763 673 816 et
697 769 805 838 aquae
837 759 937 814 vente
970 751 1113 835 agitatae
1146 735 1347 818 incidebant

142 857 316 941 ·un‹lique.
360 860 400 919 ln·
420 857 483 920 alia
501 876 580 920 vere
602 857 699 922 berea
719 859 768 917 eis
790 853 971 919 collaterali
994 855 1117 920 inantus
1137 855 1199 920 init
1219 856 1334 939 malus,
1362 842 1367 851 ’

159 971 200 1026 et
221 961 330 1025 velum
351 977 425 1024 eum
447 969 588 1025 arrtenne
611 980 670 1045 per
692 969 825 1025 ventam
845 958 952 1040 ejecta
976 959 1091 1044 iuerat,
1112 970 1145 1023 et
1167 962 1222 1024 isti
1242 969 1335 1024 erant
1392 1003 1404 1030 .

159 1071 198 1133 irr
219 1065 333 1147 majori
360 1067 524 1149 periculo,
555 1075 587 1130 et
616 1067 746 1130 omnino
775 1074 871 1132 erant·
894 1064 1072 1148 desperati,
1099 1066 1334 1133 confitebantur

158 1173 227 1234 sibi
246 1171 387 1234 invinem
409 1181 441 1235 et
463 1179 543 1236 vota
563 1169 745 1251 vovebant,
763 1168 850 1232 sient
870 1171 969 1234 moris
991 1180 1043 1234 est
1073 1170 1333 1253 periclitantium.

159 1275 238 1338 Dee
258 1283 367 1338 antam
389 1275 437 1338 eis
457 1277 492 1340 in
513 1275 720 1338 tribulatione
737 1277 918 1339 assistente
942 1284 1119 1338 evaserunt
1140 1284 1172 1336 et
1204 1275 1332 1355 integro

159 1397 297 1445 numero
316 1387 443 1462 portum
466 1379 684 1444 Venetianurn
706 1380 847 1462 ingressi
873 1391 967 1464 sunt,
989 1381 1065 1443 lieet
1095 1379 1229 1463 madidi,
1264 1388 1332 1442 tre·
1390 1381 1397 1394 '

159 1493 290 1546 mentes
312 1493 346 1547 et
366 1484 485 1549 miseri.
528 1483 593 1547 Per
613 1485 738 1569 aliquot
755 1492 861 1547 autem
888 1483 958 1547 dies
969 1491 1160 1548 manserunt
1170 1483 1331 1566 venetiis,

160 1596 201 1650 et
230 1587 306 1651 inde
339 1589 471 1670 egressi
503 1590 760 1670 repatriaverunt
796 1597 829 1650 et
856 1589 944 1651 eirea
975 1589 1094 1652 festum
1126 1587 1161 1651 S.
1184 1587 1272 1654 Galli
1298 1591 1332 1651 in

159 1693 303 1774 propriis
323 1691 419 1756 terris
443 1691 580 1756 inerunt.
625 1693 781 1756 obierunt
803 1693 893 1756 multi
914 1691 1041 1756 nobiles
1074 1703 1106 1755 et
1135 1696 1242 1777 servi,
1271 1693 1357 1757 sed'
1421 1675 1433 1698 ’

160 1795 207 1859 tie
227 1795 366 1859 dominis
388 1798 470 1860 meis
489 1806 522 1858 et
542 1797 584 1859 da
604 1797 711 1860 servis
732 1815 842 1860 earum
862 1817 927 1861 non
949 1799 1102 1862 remansit
1122 1817 1183 1861 nec
1197 1815 1282 1862 unus
1296 1799 1330 1860 in

159 1903 229 1982 vla,
249 1901 313 1962 nisi
334 1918 407 1984 ege,
427 1903 482 1983 qui
508 1902 647 1964 remensi
658 1901 690 1964 in
702 1901 883 1964 Jerusalem
902 1903 995 1985 juxte
1005 1911 1117 1968 votum
1132 1902 1329 1966 dominorum
1410 1959 1418 1978 ,

159 2021 317 2088 meorum,
339 2005 402 2086 ipsi
418 2023 497 2068 vere
515 2015 547 2068 et
559 2007 768 2070 servientum
781 2024 893 2068 omnes
911 2011 983 2072 sani
1002 2015 1037 2068 et
1054 2012 1181 2088 integre
1197 2026 1329 2070 numero

160 2109 196 2172 ln
224 2108 353 2192 propria
390 2119 550 2172 venerunt
584 2110 706 2191 recepti
746 2128 818 2174 eum
847 2111 970 2190 ingenti
1000 2109 1125 2172 laetitia
1152 2119 1184 2172 et
1211 2109 1330 2192 gaudie

285 2231 415 2278 suerum
436 2221 616 2297 parentum,
638 2232 784 2298 uxorum,
806 2211 941 2276 filiorum
969 2222 1001 2277 et
1022 2214 1206 2279 amicornm.

492 2444 497 2453 ’
548 2491 657 2570 nne
680 2491 768 2572 sir
793 2491 941 2585 anns.

270 2789 368 2864 Finit
390 2789 634 2892 peregrinatio
659 2790 855 2868 eonnnnis
881 2787 1215 2894 lherosolyntitana.
1329 2820 1347 2895 ¹.
