3240 5222
697 255 701 261 .
881 265 888 272 .
902 269 904 272 Ι
1014 268 1017 274 ¹

738 351 741 356 Ι
805 303 871 370 m
957 345 960 352 ⁴

990 367 993 374 .

725 421 729 428 .

255 483 390 570 ieiunia,
411 481 471 550 sed
500 490 534 546 et
556 482 693 566 parvula
710 487 805 546 aetas
820 483 878 548 'his
906 467 1128 569 spiritualibus
1155 477 1320 548 exerdtiis
1344 484 1430 546 insi-

257 591 375 660 stabat.
395 586 478 652 'Sed
498 588 549 674 ¹ira
567 586 631 651 Ilei
650 589 683 650 in
703 587 814 669 patulo,
833 589 1014 653 vehemens
1035 599 1117 674 erat,
1134 590 1332 671 neomirum,
1353 603 1427 650 nam

258 677 354 760 nimis
371 700 408 756 et
428 692 537 756 clerus
557 691 753 777 etpopulns
773 693 809 754 in
829 692 926 758 luxus
946 688 1058 758 varios
1079 710 1118 756 ae
1139 692 1319 775 effuderat,
1342 701 1431 756 tota·

257 807 429 887 que-terra
449 797 506 874 illa
535 789 735 860 taetriorinus
756 805 789 859 et
822 797 956 879 flagitiis
984 797 1211 882 sordescebat,
1236 799 1371 880 insuper
1395 806 1431 859 et

251 906 313 989 'qul
336 903 502 986 religionis
523 901 748 983 praeferebant
769 903 910 966 habitum
936 903 1094 985 regularis
1107 903 1337 986 temperantiae
1357 911 1433 965 tur·

181 1092 185 1100 ,
236 1012 343 1092 'iliu
373 1007 456 1071 ssim
479 1016 708 1089 ulmenam,
742 1006 883 1088 panei'e
943 1015 973 1087 t,
987 1013 1086 1090 quos
1109 1007 1164 1070 uel
1192 1008 1350 1074 avaritiae
1374 1007 1430 1071 vel
1536 1005 1538 1010 “

257 1113 404 1184 luxuriae
425 1112 555 1174 morbus
574 1129 639 1174 non
660 1109 816 1173 inliceret.
839 1112 877 1172 in
898 1113 1055 1174 ministris
1076 1110 1189 1196 templi
1211 1128 1306 1174 sacer
1336 1111 1431 1176 zelus

257 1225 304 1282 et·
321 1218 488 1284 contentio
518 1223 587 1279 erat
606 1214 789 1278 'admodum
823 1223 856 1277 et
878 1215 1015 1297 litigium
1047 1234 1106 1297 pro
1134 1215 1324 1298 ambitione,
1354 1235 1430 1278 nam

228 1321 378 1386 “milites
406 1319 516 1402 templi
536 1329 589 1383 'et
610 1319 818 1409 hospitalium
851 1321 988 1382 ministri
1019 1328 1131 1384 contra
1161 1320 1373 1400 patriarcham
1396 1326 1431 1390 et
1474 1316 1480 1322 '

155 1465 158 1472 ·
194 1427 197 1434 '
259 1427 453 1512 episcopos.
466 1424 674 1486 decertabant
710 1432 743 1486 et
786 1424 988 1486 exemtionss
1034 1407 1233 1507 quaerebant
1272 1431 1431 1507 suamque

260 1529 406 1595 sulcem
390 1545 431 1595 ι-ιι
462 1543 609 1590 messem
620 1510 764 1603 alienam
786 1527 974 1609 mittebant,
1008 1529 1063 1624 qni
1086 1530 1250 1591 tamenin
1271 1531 1431 1611 principio

199 1687 218 1704 ,.
259 1635 480 1699 institutionis
490 1650 598 1695 eornm
620 1633 758 1694 subesse
776 1631 972 1715 gaudebant.
997 1619 1216 1695 simoniacam
1237 1633 1442 1716 pravitatem.

261 1727 461 1804 committere
488 1736 669 1819 pronihilo
694 1727 854 1800 ducebant
891 1747 924 1800 et
957 1735 1148 1799 dominicum
1170 1737 1390 1820 sepulchrum
1397 1745 1436 1800 et

205 1923 211 1934 ,
260 1844 367 1908 locum
388 1842 635 1928 resurrectionis
656 1844 805 1924 personis
837 1841 1072 1933 indignissimis
1095 1859 1154 1924 per
1186 1844 1356 1906 simoniam
1377 1843 1432 1906 in-

239 1949 418 2024 ¹traductis
440 1943 573 2010 cottidie
601 1946 778 2028 replebant.
821 1928 960 2029 l’ropter
987 1946 1073 2030 quod
1102 1943 1221 2025 munus
1251 1947 1431 2028 gratissimi

261 2056 349 2138 iguis
369 2051 495 2116 scilicet
515 2043 669 2114 coelestis
689 2052 722 2113 in
740 2059 840 2114 rrocte
862 2039 1101 2116 sacratissimae
1119 2053 1261 2136 paschae
1284 2047 1432 2114 adivina

134 2185 136 2190 v
262 2156 434 2221 clementia
455 2153 553 2218 datus
574 2157 608 2219 in
629 2156 786 2238 principio
822 2165 977 2238 tempore¹
997 2153 1160 2219 Gothfridi
1190 2157 1277 2239 regis
1298 2165 1331 2218 et
1351 2155 1433 2218 Bal·

262 2262 353 2327 duint
366 2245 398 2324 Ἰ.
422 2268 456 2323 ct
477 2258 625 2324 nnnuim
648 2261 703 2342 ll.,
726 2248 900 2324 retardavit
922 2259 1183 2324 descenderem
1204 2261 1432 2324 accensionem

263 2368 417 2431 luminum
449 2364 630 2428 ultimorum
668 2383 780 2448 regrum
813 2367 1021 2448 temporibus.
1074 2369 1127 2428 De
1157 2383 1220 2450 qno
1247 2367 1325 2448 igue
1354 2363 1431 2427 vide

263 2487 372 2552 supra.
426 2469 469 2530 lllt
497 2469 527 2530 si
560 2469 667 2532 clerus
695 2471 746 2532 his
776 2468 869 2533 malis
891 2469 1032 2534 inlectus
1061 2469 1139 2552 init,
1172 2470 1332 2553 quomodo
1351 2470 1431 2554 Spi-

264 2577 347 2641 ritus
365 2572 470 2656 potnit
491 2589 567 2634 esse
587 2570 800 2639 sauctus‘l

173 2657 177 2664 ¹
217 2717 218 2722 ι
334 2679 450 2745 Facta
471 2673 567 2738 etiam
588 2673 695 2737 iuerat
714 2677 899 2742 Jerusalem
922 2657 1095 2766 Aegyptus
1116 2688 1150 2741 et
1155 2677 1323 2760 Sodoma,
1338 2679 1432 2741 simi-

264 2783 350 2848 libus
372 2773 690 2873 transgressionibus
709 2784 849 2866 polluta,
878 2802 951 2846 nam
973 2789 1040 2847 toti
1062 2767 1138 2847 urbs
1160 2792 1231 2847 erat
1252 2783 1349 2867 plena
1368 2785 1438 2846 ho-'
1456 2782 1470 2864 ἰ,

265 2889 371 2972 spitiis
392 2886 527 2970 privans
533 2926 544 2965 ,
566 2885 661 2948 etde
682 2890 767 2950 omni
787 2889 933 2972 natione,
955 2893 1040 2973 quae
1059 2890 1121 2952 snb
1143 2889 1235 2952 coelo
1256 2897 1318 2970 ast,
1339 2897 1430 2952 erant

265 2993 413 3080 hospites
445 3011 464 3054 a
495 2992 565 3054 suis
601 2993 695 3057 terris
726 3004 856 3077 proptor
888 2994 1032 3057 facinora
1058 2992 1188 3077 exules,
1219 2992 1272 3055 vel
1301 3002 1432 3076 propter

153 3105 172 3128 ·’
212 3116 216 3125 ·
265 3097 436 3201 mulieres,
470 3113 570 3178 quas
579 3113 690 3158 meum
729 3097 907 3181 traxerant,
938 3100 986 3160 iu
995 3093 1064 3160 s'u'is
1093 3090 1188 3160 terris
1217 3113 1373 3181 apparere
1399 3107 1431 3164 et
1463 3101 1467 3108 '

199 3259 204 3269 ,
267 3218 400 3262 manere
420 3219 485 3266 non
506 3197 673 3288 volentes,
694 3199 748 3262 vel
771 3208 902 3282 propter
933 3200 1083 3285 debita,
1079 3220 1175 3287 quae
1196 3201 1281 3266 domi
1302 3203 1431 3266 solvere

267 3304 451 3386 nequibant,
474 3279 645 3374 exsulcs'
633 3321 669 3364 ιιι
695 3301 895 3383 Jerusalem,
928 3301 1137 3386 hospitalitati
1168 3309 1299 3390 intenti,
1332 3307 1431 3371 lucris

179 3443 181 3450 ·
267 3406 475 3487 insistebant,
507 3404 563 3468 vel
591 3405 676 3488 quod
703 3398 833 3489 propter
866 3411 1214 3498 excommunicationes
1245 3431 1376 3475 manere
1397 3415 1430 3474 in

267 3511 337 3576 solo
357 3512 484 3593 proprio
511 3527 577 3571 nen
606 3516 765 3593 poterant,
787 3511 1004 3596 Jerosoly'mis
1024 3504 1212 3597 manebant,
1233 3524 1266 3578 et
1287 3515 1431 3579 nonnulli

266 3614 411 3679 luomndi
432 3629 533 3702 causa
554 3613 596 3677 de
616 3615 785 3679 occidente
805 3617 839 3679 in
860 3620 1015 3682 orientem
1036 3616 1230 3698 domicilium
1253 3620 1431 3684 transiere·
1477 3671 1479 3676 .

45 3719 47 3724 ’
147 3730 161 3738 ··
194 3728 198 3735 ·
241 3721 358 3784 ‘bant'
397 3719 442 3782 nt
463 3717 581 3782 milites
602 3720 765 3802 sepulchri
786 3716 954 3786 dominici
974 3714 1008 3785 et
1029 3722 1139 3805 templi
1161 3725 1314 3788 custodes
1341 3722 1432 3789 m'ulti

256 3833 367 3906 erant,
389 3833 422 3888 et
441 3824 477 3886 ira
496 3832 587 3887 tartta
605 3824 807 3889 multitudine
833 3827 929 3909 pauci
949 3834 1053 3908 erant,
1073 3828 1135 3890 nisi
1157 3829 1323 3907 scelerati,
1333 3830 1431 3912 impii,
1460 3831 1464 3838 '
1509 3827 1512 3833 ’

265 3935 426 4012 raptores,
448 3928 622 4012 sacrilegi,
639 3930 834 4014 homicidae,
856 3931 985 4024 perjuri,
1006 3930 1153 4014 adulteri,
1179 3941 1215 3996 ut
1236 3933 1315 3996 dicit
1327 3934 1433 3996 nem-

185 4057 188 4064 ·
265 4032 389 4098 hardus
407 4033 441 4096 ia
462 4033 620 4098 flermcno
639 4034 680 4098 ad
703 4036 971 4121 milites-templi,
999 4035 1080 4119 Cap.
1101 4037 1134 4103 5.
1174 4035 1295 4122 Sicqne
1316 4039 1431 4102 ciuitas

265 4147 379 4220 sancta
400 4139 487 4202 lacta
510 4137 571 4210 init
591 4139 751 4223 remgium
781 4140 1021 4214 malefactorum
1054 4149 1088 4203 et
1112 4141 1208 4224 plena
1228 4152 1299 4208 erat
1319 4142 1433 4224 hospi·
1535 4222 1538 4230 ,

265 4245 326 4325 tiis¹
341 4244 537 4326 inhonestis,
558 4245 592 4306 iu
615 4245 732 4328 quibus
754 4245 916 4328 luxuriae,
949 4245 1116 4328 crapulae
1140 4255 1173 4309 at
1195 4246 1279 4313 ludis
1301 4263 1432 4332 operam

251 4347 385 4418 ‚dabant
405 4349 584 4443 peregrini,
608 4359 777 4432 postquam
801 4349 872 4413 loca
893 4360 1009 4456 sancta
1030 4353 1252 4461 visitaverant.
1467 4387 1471 4394 -
