3202 5218
113 463 179 508 non
209 442 372 524 tardaret,
395 439 453 504 sad
477 459 538 506 nos
559 439 690 506 donaret
712 460 770 526 par
787 442 860 508 vias
882 451 1011 505 nostras
1046 442 1079 500 in
1101 439 1290 526 Aegyptum

113 547 291 614 seeundum
320 535 463 610 tenorem
485 549 722 610 conventionis.
764 546 818 610 Ad
840 547 922 610 haee
956 543 1092 608 culinus
1123 561 1162 606 sa
1194 563 1291 627 para·

114 661 179 714 tum
201 655 289 715 omni
311 659 474 714 momento
496 667 573 712 esse
600 651 697 734 dixit,
729 652 761 714 in
783 659 910 714 seeroto
933 657 1042 712 tamen
1061 648 1163 730 dixit,
1184 650 1290 731 timeo,

115 758 237 838 iuquit,
259 755 345 838 quod
368 754 409 818 de
432 755 493 818 hoo
516 753 587 818 loeo
608 775 680 821 eum
703 773 785 839 paea
806 775 871 818 non
899 758 1079 837 poterimus
1103 753 1294 834 abscedere,

117 878 190 922 cum
213 859 443 924 monasterium
466 858 623 942 repletum
645 865 688 926 sit
709 861 872 925 Arabibus
897 869 1028 943 propter
1050 876 1120 921 uos.

117 1091 331 1194 Descriptio
361 1091 570 1166 monasterii
594 1089 637 1166 S.
663 1087 887 1167 Gatharinae
914 1089 1024 1167 etde
1052 1092 1136 1189 ejus
1161 1089 1294 1166 funda·

1 1223 5 1240 '
118 1211 219 1288 tione
245 1222 284 1288 et
311 1210 358 1287 de
375 1210 487 1287 tribus
505 1209 677 1287 eeclesiis
694 1211 731 1284 in
757 1233 802 1285 eo
821 1209 968 1286 situatis
987 1219 1026 1285 et
1047 1209 1176 1300 multis¹
1200 1209 1293 1286 aliis.

202 1394 316 1457 Sanoti
349 1403 459 1476 patres
491 1393 590 1455 eremi
624 1393 766 1455 entiores
799 1393 861 1455 hoe
893 1391 1056 1454 desertum
1087 1391 1190 1474 Syriai
1217 1409 1298 1474 prae

120 1499 269 1562 omnibns
302 1497 383 1560 looi‘s
415 1497 600 1560 solitudinis
630 1497 852 1560 inhabitabant
873 1504 908 1556 et
939 1495 1045 1558 locum
1069 1497 1155 1576 rubi,
1178 1497 1210 1557 in
1234 1513 1297 1578 quo

120 1603 280 1664 Dominus
310 1601 422 1682 bloysi
460 1601 626 1683 apparuit,
659 1611 821 1684 tamquam
854 1599 958 1662 locum
989 1601 1231 1684 sanetissimum
1267 1608 1300 1662 et

122 1685 302 1766 altissimae
322 1704 603 1786 oontomplationis
628 1691 775 1767 ¹erebrius
796 1704 973 1768 visitabant
995 1712 1028 1766 et
1048 1703 1297 1784 venerabantur,

119 1806 215 1889 juxta
235 1825 331 1890 quam
353 1809 449 1870 etiam
470 1807 599 1890 qnidam
621 1825 721 1870 senas
747 1808 884 1870 cellulas
912 1803 1085 1874 habebantss
1126 1807 1300 1890 llegnante

125 1920 235 1976 antem
269 1911 457 1974 Justlniano
490 1913 682 1996 imperatore
720 1929 806 1975 auno
843 1914 1105 1996 quingentesimo
1146 1911 1300 1974 xxvttl.

1 2065 8 2096 ,
126 2016 168 2078 ab
191 2015 412 2082 incarnatione
425 2016 552 2078 Domini
572 2015 614 2078 ad
637 2017 820 2078 instantiam
844 2025 1027 2080 sanotomm
1046 2015 1195 2080 fundavit
1217 2015 1301 2078 ldem

124 2120 354 2201 imperatorin
378 2119 451 2183 loeo
474 2121 545 2182 rubi
574 2121 746 2184 ecelesiam
779 2130 811 2182 et
842 2109 1071 2184 monasterium
1096 2120 1305 2182 inhonorem

127 2223 242 2287 beatae
264 2225 388 2287 Mariae
404 2223 672 2306 Virginis,.quod
695 2225 871 2287 nominavit
894 2223 929 2286 S.
953 2225 1078 2287 Mariae
1099 2222 1140 2285 ad
1162 2220 1304 2302 Rubum‚

1 2379 6 2404 ,
127 2337 158 2390 at
180 2328 277 2393 hodio
298 2332 331 2390 in
347 2328 476 2394 ¹oriente
496 2329 546 2390 sio
567 2330 759 2409 nomlnatur‚
781 2345 841 2392 nos
864 2347 945 2418 vero
965 2337 1039 2416 post
1059 2327 1093 2390 S.
1109 2327 1306 2391 catharinae
1329 2347 1332 2354 ·

1 2490 5 2508 ,
128 2432 369 2496 translationem
391 2433 423 2494 in
446 2432 619 2494 enolesiam
641 2433 728 2520 illam
756 2435 959 2496 nominamus
981 2430 1023 2493 ad
1046 2430 1081 2494 S.
1094 2429 1305 2496 Cathtrinam

128 2535 300 2598 eoolesiam
321 2545 353 2598 ot
376 2539 626 2598 monasterium·

210 2640 327 2702 Murus
360 2643 589 2702 monasterinm
621 2638 794 2702 inoludens
828 2637 955 2720 amplus
987 2647 1039 2701 ast
1060 2650 1093 2702 et
1120 2641 1251 2723 spissus
1274 2646 1306 2699 et

131 2743 217 2805 altus
237 2760 310 2805 oum
326 2743 493 2808 moenibus
515 2752 550 2807 et
567 2743 820 2827 propugnaculis
842 2743 965 2805 habens
982 2747 1134 2825 superins
1154 2743 1308 2804 ambitum

133 2865 343 2930 pergyrum,
377 2859 409 2910 et
432 2858 483 2912 est
504 2849 546 2911 de
567 2848 700 2932 quadris
721 2856 753 2909 ot
774 2847 875 2910 seetis
908 2845 1067 2929 lapidibus
1100 2848 1147 2909 lta
1169 2847 1310 2908 munitus

130 2949 224 3031 juxta
257 2951 419 3014 introitum
441 2962 474 3013 et
506 2962 647 3034 portam,
680 2951 766 3034 quod
797 2959 909 3033 posset
940 2949 1092 3015 diuturna
1124 2951 1310 3013 resistentia
1372 2931 1385 2953 ⁸

132 3054 203 3116 lleri
225 3054 418 3118 cenantibus
447 3057 573 3140 ingredi
603 3056 645 3118 ad
668 3055 867 3134 uouendum,
899 3058 985 3117 siout
1009 3054 1095 3118 torta
1117 3051 1313 3137 quandoque

134 3157 257 3220 laetum
280 3168 349 3240 est,
373 3178 445 3223 nam
468 3162 500 3222 in
520 3160 682 3244 aliquibus
700 3160 848 3242 partibus
876 3158 1006 3240 notavi,
1038 3177 1163 3222 murum
1183 3165 1312 3240 ruptum

135 3262 242 3324 luisse
261 3281 320 3344 pro
342 3282 462 3346 magna
484 3275 575 3348 parte
598 3273 631 3326 et
653 3274 835 3346 reparatum
853 3279 893 3324 ao
913 3264 1114 3329 innovatum.

222 3368 310 3428 lutra
331 3386 455 3431 murum
478 3378 554 3432 sunt
585 3378 653 3432 tres
679 3368 859 3449 eeclesiae,
893 3369 997 3450 prima
1018 3379 1069 3432 ast
1089 3383 1232 3451 graecu,¹
1253 3380 1310 3428 se-

136 3468 242 3532 cunda
264 3468 380 3552 latina,
418 3473 511 3534 tertia
539 3472 751 3534 sarracenica.
796 3472 906 3535 Prima
925 3479 959 3534 et
984 3472 1172 3554 principalia
1202 3478 1253 3533 est
1272 3467 1308 3531 S.

136 3573 261 3636 Mariae
283 3573 324 3636 de
344 3573 457 3656 Rubo,
490 3574 523 3636 in
547 3591 612 3657 qua
641 3576 758 3638 beatae
788 3573 985 3638 catharinae
1014 3591 1146 3656 eorpus
1164 3573 1314 3654 quiesoit,

137 3678 198 3739 snb
224 3677 287 3740 ritu
308 3695 501 3760 graoomum
525 3679 764 3741 monaehorum.
806 3678 868 3739 list
889 3687 996 3742 autem
1025 3677 1165 3740 aeclesia
1198 3691 1319 3758 magna

137 3789 170 3843 et
194 3779 351 3864 oblonga,
373 3780 504 3862 plumbo
525 3789 629 3862 taeta,
652 3781 724 3842 sina
744 3781 917 3862 pinnaeulo
939 3789 973 3844 at
997 3785 1106 3863 turre,
1128 3781 1202 3843 siue
1221 3795 1316 3844 oam-
1452 3861 1455 3868 .

138 3885 233 3968 panis
255 3893 287 3947 et
316 3883 417 3967 nolis,
451 3903 510 3966 pro
539 3885 659 3968 quibua
680 3893 788 3948 tamen
815 3885 934 3948 habent
954 3885 1042 3948 aliud
1063 3887 1315 3962 instrumentum

140 3987 342 4052 oonvooaudi
371 3997 567 4052 conventam
589 3988 630 4053 ad
653 3987 797 4052 divinum
828 3989 980 4055 offlolum
1019 3989 1107 4052 Nam
1129 3990 1163 4052 iu
1187 3986 1323 4050 sublimi

5 4119 17 4136 ·
141 4099 194 4152 ast
212 4109 277 4152 una
297 4093 393 4175 virga
414 4092 538 4174 terrea,
569 4111 702 4176 grossa,
733 4093 893 4178 adquam
915 4093 1056 4176 pandent
1085 4091 1199 4157 oirouli
1226 4091 1325 4152 aenei

142 4196 308 4274 oenomai,
340 4203 374 4256 ot
406 4197 470 4262 laos
497 4196 638 4260 eiroulos
669 4198 807 4281 pereutit
834 4193 978 4261 'saerista
1008 4195 1169 4260 malleolis
1213 4191 1326 4254 ordine

142 4293 281 4376 quodam
303 4305 336 4359 at
357 4315 525 4382 mensura,
548 4319 590 4362 ex
611 4317 676 4384 qno
697 4298 795 4363 valdo
825 4298 929 4362 duleis
966 4309 1096 4452 rappnat
1127 4312 1246 4374 sonus,
1277 4294 1323 4356 ita

1054 4397 1070 4432 t
