3204 5216
163 707 389 830 Tmctetm
432 743 596 854 quintius
645 742 860 872 continens
903 755 996 831 ecte
1028 687 1341 860 peregrinorum

468 901 544 986 per
575 901 754 964 mensem
781 875 1095 1004 Augentum,
1154 919 1157 926 ·

169 1130 250 1182 curn
273 1098 536 1206 'descriptione
579 1103 742 1181 locorum
779 1106 1006 1182 diversorum
1042 1117 1164 1183 terrac
1203 1104 1257 1198 S,
1286 1102 1334 1179 nd

236 1251 340 1324 quam
364 1224 609 1318 diverterunt,
636 1236 674 1301 et
699 1226 803 1327 plura
828 1228 1063 1303 continentur
1087 1227 1137 1303 ibi
1160 1225 1273 1302 utilia.

252 1403 363 1488 (225
375 1406 428 1483 Α)
450 1406 627 1490 Angustus
649 1409 771 1472 mensis
791 1426 853 1473 sue
874 1411 976 1492 prime
992 1410 1044 1474 die
1066 1389 1225 1494 duplicem
1246 1407 1341 1470 nubis

169 1510 278 1574 attulit
299 1511 548 1582 solemnitatem.
570 1511 678 1578 Prinne
700 1523 750 1577 eet
772 1514 813 1577 de
822 1515 929 1597 Petro,
944 1515 1090 1599 principe
1100 1511 1340 1597 Apostolorum,

170 1615 332 1701 quemodo
364 1617 425 1682 init
446 1616 627 1680 avinculis
658 1618 837 1690 ebselutus.
881 1619 1036 1683 Secunde
1054 1629 1105 1682 est
1139 1619 1180 1682 de
1199 1617 1340 1682 Macho-

170 1727 274 1802 metu,
307 1721 452 1804 principe
486 1722 743 1801 daemoniorum,
776 1724 935 1806 quomode
972 1725 1042 1788 suis
1074 1722 1216 1787 vincniis
1252 1729 1340 1784 tetus

170 1844 276 1908 peene
297 1826 435 1889 mundus
458 1834 509 1889 eet
529 1827 704 1891 involutus.
748 1825 858 1909 Prime
872 1837 931 1905 ,eet
960 1829 1055 1910 nobis
1078 1836 1171 1910 note,
1193 1825 1355 1890 secunde.

172 1932 267 1994 nubis
288 1920 463 2014 incognite,
486 1929 677 1994 Serrecenis
698 1949 777 1994 vero
798 1919 1045 1996 solemnissime.
1078 1932 1127 1996 Ee
1148 1933 1267 2015 quippe
1287 1930 1341 1994 die

171 2035 336 2099 celebrent
356 2036 474 2099 festum
498 2034 646 2127 dnticnis¹
659 2036 742 2120 legis
762 2035 973 2117 Mechometi,
1004 2036 1080 2118 quie
1105 2038 1139 2098 in
1161 2053 1201 2098 ee
1221 2034 1342 2098 tradite

171 2147 207 2206 et
229 2140 434 2204 manifestate
456 2140 516 2203 fuit
547 2140 601 2202 lex
620 2141 816 2222 pravissime
846 2139 1043 2202 Mechemeti
1078 2147 1112 2201 et
1146 2137 1340 2221 Alcorenne,

171 2239 315 2308 errorum
355 2244 512 2328 pelagus,
545 2245 579 2307 in
610 2245 773 2326 pubiicum
805 2243 998 2328 productus,
1038 2260 1102 2326 quc
1123 2259 1229 2325 peene
1250 2248 1338 2304 totus

172 2349 311 2413 mundns
341 2359 392 2412 est
432 2349 630 2412 submersus.
683 2351 778 2411 Heec
809 2347 1020 2439 exsecrabilis
1053 2355 1087 2418 et
1118 2347 1254 2431 protene
1272 2345 1340 2409 dex
1398 2337 1413 2392 ὅ

173 2455 314 2518 ccicrete
335 2454 504 2544 utriusque
523 2454 724 2516 Testamenti
742 2451 990 2518 'enctoritetiirns
1012 2462 1074 2537 eet,
1095 2463 1129 2528 et
1146 2449 1338 2536 quibusdem

173 2561 260 2621 veris
283 2557 368 2620 felse
389 2565 422 2619 et
444 2559 572 2621 omnino
593 2557 734 2621 absurde
766 2557 864 2622 hebet
882 2553 1015 2622 'ennexe
1035 2566 1134 2642 etque
1165 2573 1339 2638 venenum,

171 2673 213 2726 nt
229 2663 328 2726 moris
350 2670 401 2727 est
432 2664 583 2738 omnibus
613 2663 803 2746 haereticis,
840 2664 901 2727 sub
924 2662 1035 2727 meile'
1051 2651 1194 2726 continet
1226 2660 1340 2724 oceni—
1456 2706 1459 2713 .

246 2789 286 2828 m.
347 2809 350 2814 ·
906 2821 908 2826 .
986 2819 988 2826 .

172 2776 335 2950 mu,diret
371 2870 456 2932 enim
476 2851 596 2952 'prime'
619 2870 690 2934 dies
717 2872 876 2954 Augusti,
903 2881 998 2935 sexte
1029 2871 1125 2952 ferie,
1163 2841 1248 2953 quse
1263 2886 1336 2951 ,per

173 2985 275 3039 totum
298 2992 416 3037 ennnm
436 2981 488 3037 est
509 2973 700 3037 Serrecenis
727 2974 880 3058 celebris,
913 2993 977 3039 non
1005 2973 1132 3057 quidem
1162 2974 1238 3056 quie
1259 2972 1341 3035 ferie

173 3089 287 3168 sexte,
312 3079 371 3158 sed
399 3079 474 3162 quie
498 3075 577 3142 'dies
594 3096 597 3102 ’
613 3077 787 3143 Veneris·
814 3080 1037 3145 Mrehcmctne
1059 3081 1143 3142 enim
1175 3079 1340 3150 Venerem
1424 3131 1427 3136 .

172 3184 364 3267 impudicern
385 3201 514 3265 semper
534 3186 766 3268 venerebatur,
787 3185 909 3249 idcirce
923 3174 1003 3268 'ejus
1024 3183 1110 3248 diem
1128 3184 1244 3255 ‚statuit
1261 3201 1340 3268 per·
1435 3203 1439 3210 ·
1579 3176 1587 3193 ‘

171 3298 271 3373 petuo
303 3288 464 3352 celebrem
503 3291 686 3374 observari,
711 3289 996 3374 ¹quemadmodum
1030 3289 1114 3354 diem
1146 3287 1338 3352 dominicum

173 3379 382 3475 festinemus,
415 3401 448 3455 et
468 3394 659 3457 mbbethum
692 3387 827 3479 Judeei,
862 3383 959 3478 longe
986 3385 1094 3458 temen
1109 3397 1112 3402 '
1127 3394 1190 3457 elie
1218 3399 1253 3455 et
1275 3382 1353 3455 elie¹
1377 3381 1390 3391 ”

172 3498 305 3562 retione.
348 3496 473 3560 idcirce
493 3498 556 3561 hoc
577 3497 722 3562 dicensi
748 3518 812 3562 nen
834 3499 954 3564 inimus
975 3502 1009 3562 ln
1032 3499 1198 3582 pubiicum
1219 3513 1339 3579 prece-

173 3601 269 3683 dere,
290 3599 351 3664 sed
372 3601 405 3663 in
429 3600 520 3664 tucis
543 3591 663 3667 nestris
683 3603 717 3666 in
740 3604 867 3667 occulte
888 3604 1084 3685 consistere,
1106 3603 1192 3665 sicut
1218 3601 1339 3664 Jndeet

173 3707 206 3769 in
228 3705 281 3769 die
299 3699 498 3788 perusceves'
519 3725 539 3769 e
558 3701 652 3787 nebie
683 3701 894 3786 secluduntur
913 3725 976 3771 nec
994 3727 1053 3789 per
1081 3708 1174 3770 vices
1195 3707 1243 3769 ire
1263 3724 1341 3788 per-

115 3855 118 3860 .
174 3811 353 3873 mittuntur.
394 3810 530 3893 Propter
560 3811 625 3876 hnc
658 3811 862 3876 meledictum
893 3811 1089 3875 Mechcmeti
1122 3811 1241 3874 festum
1274 3827 1340 3874 non

173 3917 338 3998 potuimus
373 3917 445 3998 rite·
465 3931 622 3999 peregere
653 3915 775 3980 festum
803 3915 838 3980 S.
872 3917 961 3981 Petri
992 3916 1033 3980 ed
1070 3915 1217 3998 vincula,
1263 3933 1339 3977 nem

173 4013 341 4102 peregrini
358 4019 440 4082 sccii
461 4022 523 4084 mei
545 4039 610 4084 nun
632 4020 796 4085 endebent'
814 4019 856 4085 de
877 4021 1017 4110 hospitio
1039 4022 1073 4082 in
1093 4027 1234 4108 montem
1246 4017 1339 4102 Sycn

145 4161 150 4170 ·
173 4122 373 4188 adscendere
389 4107 451 4206 ¹pre
473 4123 635 4187 audientia
664 4125 894 4206 Missae,'eed
921 4127 994 4189 sine
1015 4126 1122 4189 Misce
1143 4123 1227 4188 diem
1250 4122 1339 4186 illem

173 4231 354 4312 transigere
387 4236 420 4291 et
450 4229 497 4291 ite
527 4228 678 4309 nolentes
710 4231 817 4294 enecti
839 4230 959 4315 finimus
988 4230 1023 4293 in
1051 4231 1161 4314 quiete
1192 4243 1334 4289 manere.

172 4333 247 4397 Huc
276 4322 361 4396 enirn
391 4341 502 4397 tenent
537 4334 673 4416 pegeni,
705 4331 792 4416 qnod
829 4333 958 4417 quendo
986 4335 1050 4415 ipsi
1086 4331 1253 4396 celebrent
1284 4327 1339 4392 vei
