3202 5218
695 329 759 396 llll

138 509 348 593 indulgentiis
368 511 428 594 st)
454 527 570 595 preces
603 509 754 575 ludimus.
799 509 851 572 Ab
873 508 928 574 illa
950 509 1130 593 capellain
1152 509 1308 594 capolim

138 616 174 678 S.
196 617 343 679 illerineo
364 619 514 679 verrimus
535 625 568 678 et
588 617 633 678 ilri
654 615 853 678 orationibus
874 613 970 678 dictis
990 614 1211 697 indulgentias
1232 635 1310 680 sns-

138 722 285 802 cepimus
306 721 378 801 (Js).
419 719 547 783 Deinde
574 722 607 781 in
629 719 789 802 capellam
822 718 1004 782 Salvetcris
1035 720 1154 782 ivimus
1175 729 1207 782 et
1229 717 1311 785 ado·

138 833 208 888 reto
225 823 366 888 Ilcmiuo
394 823 612 906 indulgentias
633 825 822 907 accepimus
844 823 913 904 (ι).
948 822 1027 886 Post
1048 823 1134 885 illam
1153 823 1308 906 capellam

139 928 302 1012 gloriosae
319 927 465 1010 Virginis
484 928 608 990 Mariae
628 929 771 1010 ingressi
789 944 903 991 snmus
925 935 959 990 et
981 925 1129 1000 devotius
1151 945 1192 989 ee
1212 931 1310 992 irivo-

140 1040 214 1110 ceta
235 1030 454 1114 indulgentias
475 1033 658 1114 recepimus
678 1034 746 1116 st).
788 1034 841 1093 De
863 1032 918 1094 illa
938 1031 1064 1114 capella
1086 1034 1119 1094 in
1149 1031 1310 1096 ecclesiae

1 1203 2 1220 1
141 1153 259 1198 navem
292 1136 454 1202 venimus.
496 1137 605 1199 Habet
639 1147 748 1201 auteur
773 1136 830 1200 illa
861 1133 1010 1200 ecclesia¹
1033 1134 1097 1197 Xll
1130 1133 1310 1217 columnae,

1 1301 2 1334 ¹
141 1241 259 1322 qulbus
279 1247 357 1322 ¹tntu
386 1239 507 1302 lubrica
543 1250 761 1322 sustentatur,
794 1241 844 1303 Vl
864 1241 897 1302 in
918 1258 984 1302 uuo
1018 1248 1050 1302 et
1081 1239 1130 1302 Vl
1151 1241 1185 1301 in
1207 1239 1310 1304 eltero

1 1427 2 1440 ἵ
143 1344 243 1406 latere
263 1343 406 1420 habens,
442 1345 529 1406 sicut
549 1353 582 1406 et
604 1344 764 1408 ecclesiae
795 1352 927 1408 nostrae
956 1353 1032 1407 snut
1063 1344 1253 1410 aedificatas
1276 1348 1311 1408 lu

142 1449 282 1534 longum.
315 1451 352 1512 ln
374 1448 425 1511 liis
447 1455 556 1512 autem
577 1448 735 1512 columnis
756 1457 832 1510 snut
854 1447 974 1510 multec
999 1447 1153 1530 reliquiae
1173 1468 1312 1533 maguae

142 1553 328 1616 reconditae
358 1561 391 1615 et
423 1552 553 1615 ieltnlee
582 1552 726 1634 pendent
760 1551 801 1612 nd
833 1550 1010 1633 quemlibet
1042 1552 1241 1636 columnam,
1276 1553 1312 1616 in

142 1659 260 1739 quibus
282 1657 401 1738 depicti
421 1666 498 1720 sunt
525 1658 649 1738 sancti,
681 1675 814 1737 quorum
849 1654 1006 1738 reliquiae
1032 1656 1076 1720 ibi
1108 1659 1314 1722 continentur

144 1768 179 1822 et
200 1777 336 1844 quornm
357 1768 541 1823 sanctornm
564 1760 726 1824 festivitas
748 1759 929 1823 celebretur
949 1777 1007 1842 pro
1029 1769 1181 1845 ternpore
1219 1759 1314 1825 lllnm

144 1863 230 1924 enim
250 1860 445 1944 ipsiGrecci
466 1863 609 1927 ordinem
630 1863 758 1943 habent,
780 1862 866 1946 quod
888 1862 921 1925 iu
943 1864 1085 1947 quolibet
1106 1883 1218 1930 meuse
1239 1867 1315 1928 anni

145 1983 211 2030 uua
233 1965 305 2029 dies
327 1966 466 2030 celebris
488 1964 634 2046 habetur,
655 1967 689 2028 iu
711 1985 775 2047 quo
796 1966 962 2030 celebrent
983 1967 1023 2031 de
1046 1969 1194 2030 omnibus
1214 1986 1314 2032 sanc·

146 2072 192 2134 tie
213 2069 324 2152 ιιιιιιιι,
357 2089 490 2153 quornm
520 2068 676 2151 reliquiae
696 2070 729 2132 in
750 2069 805 2134 ille
839 2071 988 2134 columne
1008 2081 1084 2134 sunt
1117 2072 1315 2154 reconditae,

147 2185 183 2239 ut
221 2176 399 2239 ‚Ianuarius
434 2175 530 2239 hebet
557 2174 690 2257 primam
721 2173 904 2239 columnam
936 2193 1009 2238 cum
1042 2177 1150 2239 multis
1179 2179 1314 2258 sanctis,

147 2299 281 2364 qnorum
303 2280 443 2344 omnium
466 2278 627 2340 festivitas
648 2295 713 2340 nna
734 2277 787 2340 die
811 2277 899 2341 illius
920 2281 1042 2344 mensis
1063 2281 1228 2363 peragitur
1252 2280 1316 2362 (Ιι)

148 2391 183 2446 et
210 2403 273 2447 uon
295 2383 401 2448 solum
435 2383 561 2446 illorum
590 2390 777 2444 sanctornm
803 2383 927 2450 festum
960 2384 1016 2448 illo
1038 2382 1091 2448 die
1125 2384 1316 2466 celebratur,

152 2489 308 2569 quisunt
333 2489 365 2551 iu
396 2485 504 2549 tabule
525 2485 611 2548 illius
642 2485 812 2550 columnae
842 2486 961 2569 depicti
996 2487 1050 2552 vel
1080 2506 1215 2572 qnorum
1238 2489 1317 2551 reli-

148 2593 245 2674 quiae
265 2592 308 2654 ibi
330 2593 551 2672 continentur,
582 2588 641 2652 sed
664 2591 822 2673 omnium,
854 2609 989 2673 quorum
1011 2591 1169 2674 depositio
1190 2601 1222 2654 et
1244 2592 1317 2654 dles

150 2695 315 2758 natalitius
336 2695 392 2759 illo
413 2712 528 2757 mense
557 2695 674 2766 everrit.
717 2693 775 2756 Sic
795 2694 991 2758 lt'ebruerius
1022 2696 1119 2760 hebet
1140 2695 1315 2758 secundem

151 2798 333 2866 colurneam
351 2808 381 2860 et
394 2800 533 2862 Martius
555 2799 680 2860 tertiam
698 2806 732 2859 et
751 2799 802 2860 sio
817 2806 1061 2880 cousequenter.
1084 2797 1181 2861 Circe
1201 2816 1318 2882 quam·

151 2901 230 2964 libet
267 2921 345 2986 ergo
384 2901 563 2966 columnam
594 2909 671 2978 snut
703 2901 865 2986 speciales
896 2902 1117 2986 indulgentiae
1143 2901 1221 2984 (ι),
1260 2915 1318 2983 pro

150 3005 268 3088 quibus
289 3006 419 3070 ivimus.

149 3143 151 3150 ·
237 3107 315 3171 ldso
342 3110 493 3172 venimus
520 3109 561 3173 ed
593 3111 774 3174 columnam
805 3110 970 3194 ianuarii,
1000 3129 1073 3176 eam
1104 3109 1318 3196 geniculando

151 3213 425 3276 circumstetimus
447 3222 481 3278 et
497 3223 646 3298 unctos,
670 3235 804 3298 qnorum
826 3215 981 3298 reliquiae
1001 3218 1046 3281 ibi
1066 3226 1160 3300 sunt,
1182 3217 1320 3281 iuvoca·
1439 3280 1442 3289 ,

151 3317 275 3398 vimns;
307 3327 439 3381 sanctos
470 3321 566 3382 etiam
599 3328 745 3401 nostros,
776 3321 831 3402 qni
849 3320 883 3382 iu
904 3321 1092 3386 Latinorum
1126 3319 1320 3385 calendariis

151 3420 354 3504 mutuetur,
376 3422 421 3486 ibi
443 3421 672 3487 honoravimus
694 3434 726 3487 et
747 3422 968 3508 indulgentius
989 3435 1169 3507 septennes
1189 3425 1319 3508 recepi·

151 3524 303 3607 mne(†).
324 3524 462 3589 Domum
484 3537 659 3611 surgentes
680 3526 722 3590 ad
740 3529 921 3592 colnmuom
931 3531 1096 3593 Februarii
1118 3530 1321 3594 secessimus

153 3635 188 3690 et
209 3637 339 3690 orantes
359 3629 454 3693 modo
474 3630 642 3711 praedicto
664 3628 884 3712 indulgentiae
917 3635 1084 3696 consecuti
1116 3649 1229 3696 murus
1251 3630 1318 3712 (ι).

152 3729 281 3794 Deinde
297 3730 337 3794 ed
351 3731 651 3796 columnamltartii
673 3735 823 3796 venimus
843 3743 875 3796 et
898 3744 1027 3798 orantes
1048 3735 1198 3798 devotius
1215 3733 1324 3796 indul·

152 3836 282 3915 gentius
303 3837 490 3919 accepimus
513 3836 582 3916 (ι).
614 3837 731 3900 Postea
752 3836 932 3900 columnam
954 3837 1080 3920 Aprilis
1103 3836 1322 3903 circumdedi·

153 3953 225 4000 mus
246 3944 282 3999 et
313 3948 447 4002 unctos
474 3940 665 4004 invocantes
681 3981 685 3990 .
701 3937 920 4023 indulgentius
948 3942 1135 4026 accepimns
1155 3945 1227 4026 (ι).
1270 3941 1322 4003 At

153 4038 209 4103 illa
229 4040 380 4104 columne
400 4041 441 4107 ad
473 4044 654 4108 columnam
681 4043 761 4125 ltajt
795 4046 1013 4125 processimus
1044 4046 1145 4110 stibi
1168 4046 1322 4130 prostrati

154 4141 196 4203 ad
217 4162 337 4208 moram
358 4147 392 4209 iu
423 4148 569 4211 oratioue
589 4146 807 4229 indulgentias
834 4150 1099 4232 participovimus
1120 4149 1192 4232 st).
1235 4150 1323 4210 Hinc

155 4252 263 4308 eutem
287 4258 460 4330 surgentes
490 4251 531 4332 qd
553 4251 732 4314 columnam
754 4248 846 4314 Junii
877 4253 995 4314 ivimus
1017 4262 1051 4314 et
1071 4251 1193 4316 orando
1214 4248 1324 4311 indul-

155 4347 284 4427 gentias
309 4354 542 4435 acquisivimus
551 4354 619 4434 (ι).
643 4355 737 4416 Haec
750 4362 859 4416 autem
874 4353 1024 4416 columna
1036 4361 1271 4508 ereptzsupreaaa
1292 4353 1325 4412 lu
