3212 5206
265 438 354 504 nulio
375 435 470 502 modo
489 437 694 521 progreditur
713 436 858 501 eumelus
879 446 912 501 et
936 443 1003 501 etet
1039 444 1073 499 et
1092 435 1300 522 indignanter
1320 435 1438 518 espie't

265 562 328 608 nec
347 542 507 626 procedit,
533 545 597 606 nisi
618 548 695 626 post
725 560 764 604 se
793 541 973 629 reducetur,
1015 539 1082 604 Sed
1105 543 1181 624 qnia
1200 542 1365 606 asinorum
1386 541 1440 604 in-

266 665 383 712 cessus
404 647 549 710 uelocior
567 657 617 710 est
639 647 845 730 camelorum,
868 644 996 730 qnando
1018 645 1148 729 longius
1168 644 1440 729 progrediandum

157 798 162 805 -
265 762 316 817 est
337 762 370 816 et
389 752 621 835 festinantius,
639 759 722 814 tuuc·
743 751 830 817 funis
858 751 972 816 cameli
999 737 1083 815 eollo
1108 751 1259 834 alligetur
1279 751 1381 832 osirri,
1404 756 1441 812 nt

264 858 480 921 antecedente
502 857 595 919 esino
622 855 765 920 eumelus
787 859 878 920 ocius
897 863 1070 940 sequetur,
1099 865 1136 919 nt
1165 855 1284 920 dicitnr
1314 855 1348 918 in
1368 855 1441 916 Ire·

264 962 379 1046 gondo'
392 961 478 1026 beati
498 961 681 1046 Jerouyrni.
706 957 708 964 '
814 999 816 1004 .
1360 951 1365 960 ’

346 1065 432 1130 Dum
455 1076 562 1129 entem
584 1063 728 1127 cometus
750 1065 877 1130 ouernri
898 1063 1005 1148 debet,
1027 1063 1190 1149 paululum
1212 1084 1311 1148 super
1331 1082 1441 1147 genno

264 1172 488 1255 percutiuntur
519 1177 554 1232 et
581 1169 692 1234 stntirn
713 1169 754 1232 od
776 1189 875 1234 onera
907 1170 1001 1233 dexia
1029 1163 1224 1234 cervicibus
1246 1169 1457 1260 indurantur·
1488 1257 1492 1261 Π

95 1269 100 1278 ’
119 1271 123 1278 ’
163 1271 166 1278 '
185 1271 189 1277 ’
265 1276 320 1340 vel
338 1265 371 1338 ‘si
388 1265 487 1339 horno
504 1263 631 1338 modurn
652 1259 883 1357 s'op'e'r'cottor'n
901 1259 1140 1358 bestiee'ponit'
1159 1258 1192 1337 et
1203 1259 1331 1338 sibiinrn
1350 1254 1439 1356 fecit,

255 1367 454 1454 recurvatur
474 1380 508 1443 iu
530 1387 663 1461 terram,
688 1386 724 1442 nt
753 1388 913 1462 oneretur,
935 1390 968 1442 et
990 1381 1131 1444 totaliter
1150 1397 1189 1442 se
1209 1381 1384 1463 prosternit
1406 1389 1459 1442 et.

265 1487 501 1567 onere‘gruvtn
522 1485 585 1547 sibi
607 1483 727 1566 imponi
747 1486 911 1566 permittit,
933 1503 1000 1548 nec·
1015 1493 1132 1567 corpus
1153 1493 1272 1567 movet,
1298 1484 1358 1548 scd
1379 1502 1441 1547 ce-

264 1600 322 1674 put
342 1609 416 1654 curn
446 1586 586 1662 stridore
605 1587 721 1681 grandi
743 1588 860 1670 agitet,
890 1588 967 1654 dum
994 1607 1034 1652 se
1062 1590 1193 1672 gravari
1212 1591 1322 1653 sentit.
1364 1590 1440 1653 linc

265 1695 387 1759 fuciunt
409 1694 550 1758 minores
573 1691 698 1775 cameli,
720 1691 780 1755 sed
801 1711 865 1756 nou
886 1695 1079 1777 grossiores.

347 1799 431 1862 Dum
455 1799 548 1861 multi
579 1797 694 1861 nemeti
721 1798 816 1862 simul
837 1807 1029 1882 onerentur,
1050 1799 1102 1861 dt
1118 1797 1279 1863 horribilia
1302 1794 1439 1878 rugitus,

265 1905 322 1990 qui
343 1905 468 1967 eminus
489 1903 617 1966 auditur
636 1921 695 1986 per
721 1902 884 1967 desertum
911 1905 1068 1967 noctibus.
1113 1903 1223 1966 Onera
1246 1911 1354 1965 entem
1376 1901 1441 1963 irn-

265 2007 372 2091 positn
403 2026 468 2071 non
500 2007 641 2090 ligantur
671 2026 771 2091 snper
800 2008 943 2095 dorsnnr'
960 2007 1076 2071 centeii
1105 2028 1164 2092 per
1191 2017 1355 2088 ventrem,
1378 2022 1442 2068 nec

265 2113 368 2176 sellae
389 2131 498 2177 eorum
514 2113 635 2197 ligetoe
656 2115 830 2177 suntsicut
842 2113 943 2176 sellae
965 2131 1118 2197 equorum
1140 2122 1173 2175 et
1193 2099 1367 2193 asinornrir,
1379 2109 1442 2175 ned

110 2223 138 2288 ’,
265 2218 455 2301 simpliciter
476 2215 548 2298 (21
561 2219 607 2300 e)
636 2235 736 2301 super
767 2219 897 2302 gibbum
926 2217 1056 2301 ponitur
1081 2216 1162 2280 selle
1189 2215 1261 2280 sine
1292 2215 1442 2300 ligaturis

266 2332 300 2386 et
320 2341 420 2406 snper
440 2322 554 2423 sellem
569 2333 730 2405 ponuntur
751 2341 850 2386 onere
871 2323 913 2387 ad
926 2332 1097 2407 utrumqne
1112 2322 1202 2409 'deins
1223 2319 1442 2416 dependentis

268 2427 397 2510 aequali
416 2424 575 2509 pondere,
591 2437 658 2489 nec
689 2428 793 2490 bestie
821 2429 952 2510 transit,
974 2430 1004 2492 si
1025 2428 1125 2491 sentit
1149 2426 1285 2510 gravius
1311 2425 1442 2508 pondus

126 2534 133 2568 '·
247 2532 302 2605 'in
322 2549 387 2595 uno
415 2530 516 2594 lutere
544 2548 639 2614 quem
667 2531 700 2594 iu
729 2532 803 2613 alio,
833 2542 869 2595 et
896 2525 1003 2614 cupite
1033 2537 1169 2595 extenso
1192 2539 1271 2594 'cunr
1300 2529 1460 2593 stridore·

269 2635 474 2722 ostendittur
496 2653 560 2720 quo
586 2635 693 2714 lutere
710 2635 908 2734 pondusjsit
928 2637 1080 2730 grunius,
1108 2645 1141 2702 ct
1157 2637 1194 2698 si
1214 2654 1279 2698 uon
1303 2633 1443 2698 hebetur

269 2744 416 2827 materie,
430 2741 716 2826 qnoeirnponutur,
731 2750 767 2804 nt
788 2759 870 2804 onos
890 2740 1028 2826 uequsle
1053 2740 1120 2824 dot,
1133 2741 1295 2824 accipiunt
1315 2738 1457 2823 lepidos·
1529 2783 1534 2790 -

269 2858 303 2912 et
323 2848 485 2912 detentum
507 2849 615 2912 oneris
637 2845 827 2930 supplent..
952 2839 956 2848 '
1165 2911 1169 2920 ,

353 2952 452 3038 Porro
479 2954 508 3016 si
529 2955 634 3037 bestie
647 2944 810 3038 sentit'se
829 2951 903 3035 plus
916 2954 1083 3035 muntem
1105 2963 1214 3027 onere,
1232 2967 1327 3034 quern
1342 2947 1444 3012 solite

240 3137 255 3144 ..
268 3058 313 3120 sit
334 3066 472 3139 portere,
494 3058 611 3121 iterum
634 3065 698 3121 noir
719 3059 931 3141 progreditur,
954 3056 1017 3145 nisi
1038 3074 1121 3118 cone
1143 3055 1350 3136 diminuetur,
1373 3071 1440 3116 non

218 3217 223 3228 .
269 3162 355 3230 enirn
387 3161 526 3242 suscipit
546 3180 630 3224 cuns
661 3162 725 3224 nisi
759 3163 829 3224 suis
860 3162 985 3224 viribus
1019 3163 1305 3244 proportionatum.
1353 3159 1439 3220 Dum

269 3272 378 3328 nutem
404 3245 503 3327 onere
529 3266 743 3347 imponuntur,
764 3273 951 3354 onerantes·
965 3273 1099 3329 cuntant
1129 3258 1273 3332 dimissis
1302 3263 1445 3326 vocibus
1475 3307 1477 3310 -

269 3367 312 3432 iod
346 3366 590 3430 demulcendum
619 3369 759 3450 bestias,
783 3378 816 3431 et
837 3369 987 3432 oneribus
1009 3369 1168 3453 impositis
1196 3373 1303 3452 surgit
1333 3371 1441 3432 bestie

271 3481 403 3556 repente
435 3482 468 3536 et
489 3457 582 3556 quoni
597 3501 602 3518 κ
613 3470 763 3534 exultans
784 3491 842 3555 per
862 3475 960 3562 ¹uitrrn
992 3483 1084 3538 sunm
1106 3494 1236 3552 currere
1262 3475 1380 3557 ⁸incipit
1407 3480 1442 3536 et

269 3579 332 3642 iter
350 3579 425 3642 sine
446 3581 637 3662 pausatione
657 3579 825 3653 continuet
852 3579 956 3663 usth
985 3580 1027 3643 ed
1048 3583 1224 3643 terminum'
1244 3598 1338 3642 suurn
1359 3597 1441 3642 con-

246 3694 414 3766 'suetnrn3
436 3683 477 3748 ed
508 3683 700 3768 quemdum
722 3684 923 3766 pervenerit,
949 3703 1014 3747 non
1035 3686 1172 3768 emplius
1194 3685 1354 3768 procedit,
1376 3683 1455 3749 sed'

270 3785 368 3851 onero
388 3790 450 3852 sibi
470 3788 586 3871 deponi
607 3781 707 3873 optut.
750 3791 787 3851 lo
808 3791 865 3852 vio
891 3780 1106 3852 nectendis
1126 3808 1188 3852 nec
1202 3791 1346 3874 depellis
1368 3789 1441 3873 pei-

269 3895 377 3975 untur,-
397 3893 458 3956 sed
478 3894 642 3958 cemeterii
663 3899 840 3977 sequentes
856 3901 989 3958 cnutoni
1010 3894 1072 3958 hoo
1091 3894 1210 3959 moder
1229 3896 1306 3959 Heo
1328 3914 1371 3959 ne
1396 3913 1440 3978 yo

268 4017 313 4082 po
334 4017 376 4080 au
397 4017 439 4062 no
460 3999 502 4062 ho
522 3997 566 4062 ho
587 4009 651 4080 dyo
672 4017 692 4060 o
723 3999 765 4062 ho
786 4005 849 4062 etc
865 3997 962 4063 ·Curo
986 4000 1089 4063 bestie
1108 4009 1200 4090 entre
1225 4001 1310 4064 vienn
1340 3993 1441 4080 cudit,

240 4097 241 4100 ’
270 4107 364 4170 larue
391 4105 485 4186 signo
512 4103 576 4164 sibi
597 4121 693 4165 mauu
715 4102 790 4166 doto
812 4103 908 4186 redit,
930 4121 1007 4167 uec.
1020 4095 1221 4172 invasionem
1245 4103 1357 4194 dunin
1382 4112 1440 4164 eut

237 4189 509 4293 'percussionem
538 4210 668 4290 petitur.
712 4205 866 4272 Cemelne
888 4212 1034 4273 turbatus
1063 4209 1234 4274 stridorem
1263 4203 1441 4274 rnirniilem

269 4315 349 4381 fecit
382 4325 415 4381 et
436 4309 640 4401 quaudoque,
656 4313 722 4411 sed
743 4312 840 4379 vute
861 4332 944 4400 roro,
966 4315 1001 4378 in
1021 4323 1147 4388 tontum
1169 4315 1330 4396 irascitur,
1352 4309 1439 4398 quod
