3212 5206
811 206 875 272 408

259 386 413 452 Clamore
439 394 592 451 cessante
627 388 774 480 processi
802 387 843 452 ad
874 387 1080 453 serviendum
1109 387 1242 472 vigiliae
1273 403 1364 458 mese
1396 379 1430 452 et

253 493 363 575 repert
383 491 707 565 'l'ruts'ehelmannnm
730 477 945 557 Sarracennm
967 491 1116 556 Calinnur
1146 493 1317 575 majorem,
1343 494 1431 556 insi-

258 605 397 659 stentem
434 599 569 688 oretioni
596 583 691 663 llcxis
719 601 868 683 genubus
899 577 933 660 et
961 596 1054 661 modo
1082 597 1286 674 sarracerrico
1314 605 1431 679 gestus

258 701 441 783 habentem,
454 719 592 786 cumque
613 722 665 766 me
683 703 872 786 audivisset,
896 703 1042 767 oratione
1052 703 1206 786 cessavit,
1224 703 1430 783 turonogaus

258 823 330 886 me,
353 823 411 867 cur
432 824 498 868 non
519 809 552 869 in
576 810 712 872 tentorio
745 826 924 892 manerem,
947 807 1000 870 cni
1028 823 1101 870 cnm
1121 805 1276 871 dixissem
1298 812 1432 888 propter

259 909 437 972 custodiam
472 912 622 994 vigiliae,
653 921 827 976 contentus
851 912 927 994 luit,
956 911 1116 974 convertit
1132 919 1239 974 antem
1259 927 1298 973 se
1318 917 1433 972 contra

259 1012 424 1077 desertum
450 1015 503 1078 erl*
522 1016 685 1080 meridiem
709 1025 742 1080 et
772 1015 916 1081 ostendit
952 1016 1029 1079 milri
1060 1014 1190 1079 stellam
1222 1012 1432 1098 perlucidam,

258 1121 387 1182 noviter
408 1128 527 1203 ortam,
556 1119 686 1204 dicens,
715 1139 787 1184 eam
808 1139 894 1218 esse¹
909 1131 942 1184 et
970 1120 1034 1183 dici
1062 1121 1102 1183 ab
1130 1121 1280 1184 omnibns
1300 1119 1430 1182 stellam

261 1219 297 1284 S.
322 1221 517 1286 catharinae
538 1234 570 1287 et
591 1244 687 1308 ecce,
707 1226 828 1308 inquit,
848 1223 909 1288 snb
932 1224 1110 1288 hac-stello
1131 1235 1182 1288 est
1200 1242 1291 1289 mons
1313 1223 1429 1306 Synai,

261 1327 303 1389 ad
324 1346 418 1410 quem
431 1328 602 1411 tendimus,
622 1338 654 1392 et
676 1330 804 1413 quondo
822 1329 970 1392 noctibus
990 1331 1052 1392 crit
1066 1328 1346 1414 peregrinandum,
1365 1345 1431 1390 nou
1525 1383 1529 1386 .

260 1430 326 1492 alie
352 1433 409 1493 via
438 1449 551 1496 sumus
577 1437 778 1517 processuri,
811 1435 873 1495 nisi
904 1441 1017 1498 contra
1051 1435 1168 1496 taciem
1196 1434 1283 1496 illius
1312 1431 1430 1510 stellae

260 1536 568 1620 processtverimus,
601 1556 706 1621 nsque
737 1557 802 1621 qno
835 1527 965 1620 penitus
999 1541 1061 1603 sub
1096 1541 1170 1622 ipse
1209 1537 1364 1600 fuerimus
1397 1536 1430 1598 in

262 1647 370 1701 monte
389 1639 500 1722 Syriai.
535 1642 615 1704 Post
637 1661 802 1707 recessum
824 1663 903 1707 vero
924 1662 944 1706 e
963 1652 1073 1708 monte
1093 1643 1196 1727 Syuai
1218 1643 1431 1723 retrospicere

263 1743 406 1809 nolebam
434 1745 475 1808 ad
503 1745 632 1809 stollam
661 1748 768 1831 illam,
790 1767 927 1833 eamque
956 1749 1032 1821 vidi¹
1050 1751 1084 1810 in
1107 1749 1260 1831 Aegypto
1279 1746 1433 1810 existens

263 1857 295 1912 et
317 1852 351 1910 ln
373 1849 571 1913 Alexandria
601 1851 726 1934 degens
748 1862 780 1915 et
805 1873 864 1938 per
895 1854 993 1916 maris
1026 1852 1271 1935 longaspatha,
1302 1850 1433 1913 tandem

263 1960 371 2016 autern
393 1964 468 2038 post
489 1958 658 2019 transitum
680 1959 800 2041 Cypri,
823 1957 947 2021 domin
968 1956 1149 2040 Cycladum
1170 1957 1294 2020 insulas
1318 1955 1435 2018 venis-

239 2073 391 2141 ¹semus,
428 2078 499 2123 eam
532 2061 670 2144 amplius
704 2063 817 2126 videro
847 2076 911 2126 non
942 2071 1102 2144 poteram,
1136 2069 1267 2145 proptor
1302 2061 1433 2123 nimiam

265 2161 501 2260 elongationem
531 2175 564 2229 et
590 2167 730 2232 climatis
757 2169 991 2236 alterationem.
1034 2168 1078 2232 Et
1105 2167 1152 2231 ita
1185 2166 1334 2231 transivit
1368 2182 1436 2228 nox

263 2265 322 2329 illa
343 2269 454 2350 prima.

501 2505 561 2580 De
586 2503 751 2582 ulteriori
774 2533 952 2612 processu
976 2510 1012 2584 in
1035 2508 1198 2584 deserto.

351 2671 576 2771 Decima'die,
595 2688 670 2753 dnm
691 2708 807 2754 aurora
829 2699 996 2774 surgeret,
1025 2691 1227 2754 surreximus
1246 2696 1279 2751 ct
1300 2705 1381 2770 nos,
1403 2697 1439 2752 et

267 2785 404 2869 dejectis
450 2795 594 2856 tentoriis
649 2795 871 2878 depositisque
933 2796 1148 2860 tabernaculis
1205 2802 1238 2856 ot
1282 2793 1434 2869 omnbus

269 2893 430 2977 ootttgans
451 2896 492 2960 ad
514 2917 677 2963 recessum
699 2919 759 2963 nos
784 2902 980 2984 aptavimus.
1022 2901 1122 2964 Porro
1143 2898 1305 2961 camelorii
1332 2897 1435 2959 nostri

269 2999 352 3062 tardi
373 3011 464 3064 erant
485 3013 517 3064 et
539 3006 632 3086 qnasi
653 3022 726 3069 cnm
749 3007 855 3070 taedio
877 3017 909 3068 et
929 3005 1134 3069 involuntarii
1154 3003 1295 3066 camelos
1320 3019 1439 3066 oncru-

267 3100 347 3166 lmnt
369 3115 401 3167 et
420 3107 519 3169 multa
533 3108 575 3170 do
592 3110 688 3171 rebus
710 3113 831 3174 nostris
849 3110 959 3191 jacere
976 3109 1186 3192 dimittebant,
1199 3107 1285 3171 unde
1301 3121 1437 3188 magnos

268 3203 428 3272 clamores
448 3220 479 3272 et
506 3213 593 3274 rixas
615 3214 784 3276 habuimus
806 3214 845 3276 ad
874 3217 1027 3277 invicem.
1072 3213 1144 3276 Nos
1162 3214 1256 3275 enim.
1279 3211 1437 3274 maledic-

266 3310 373 3383 tiones
393 3318 573 3377 teutonicas
593 3315 759 3380 intulimus
785 3327 816 3380 et
838 3321 901 3400 ipsi
920 3320 1014 3382 nobis
1036 3318 1181 3380 arabicas
1197 3328 1228 3379 et
1250 3315 1437 3380 conclamo-

269 3415 392 3498 vimus,
428 3435 489 3480 nee
510 3421 573 3501 ipsi
596 3437 672 3503 nos,
706 3439 767 3484 nec
798 3440 858 3485 nos
881 3441 938 3485 eos
969 3423 1197 3486 intelleximus.
1242 3420 1366 3484 'l'aedet
1386 3439 1439 3484 me

269 3509 416 3601 profecto
450 3525 594 3587 scribere
627 3527 788 3607 nequitias
818 3545 946 3610 eorum,
983 3528 1099 3610 quibus
1130 3546 1190 3590 nos
1225 3528 1320 3609 quasi
1352 3526 1440 3589 omni

270 3641 365 3686 mane
387 3627 420 3687 iu
442 3631 628 3692 oneratione
650 3633 823 3722 bestiarum
855 3633 1045 3713 turbabant,
1079 3649 1150 3694 cum
1174 3631 1332 3698 industria
1353 3629 1439 3693 enirn

270 3726 391 3810 eliquid
408 3731 520 3814 jacere
542 3739 785 3818 permittebant,
816 3736 870 3798 vel
903 3735 1079 3818 lectulum,
1113 3743 1170 3798 ant
1201 3744 1359 3819 sportam,
1383 3742 1439 3797 aut

270 3847 421 3919 saecum,
453 3840 597 3904 scientes
630 3859 691 3908 nos
718 3843 846 3906 oculum
873 3841 993 3904 habere
1026 3841 1068 3903 ad
1107 3841 1171 3902 illa.
1226 3842 1300 3904 Hoc
1332 3848 1437 3902 autem

199 4013 201 4016 Ι
270 3934 344 4000 ideo
366 3939 538 4029 faciebant,
560 3956 595 4008 nt
613 3947 804 4030 peregrinus
825 3945 891 4028 ille,
914 3948 967 4008 cui
988 3945 1142 4009 derelicto
1161 3962 1215 4008 res
1236 3952 1317 4028 eret,
1339 3962 1440 4028 coge-

272 4050 361 4106 retur
382 4065 439 4112 eos
463 4060 573 4132 petere
596 4053 753 4135 occipere,
776 4055 807 4113 c't
817 4052 880 4133 ipsi
901 4054 1056 4133 petebant
1077 4051 1152 4113 vico
1172 4067 1270 4112 versa
1288 4069 1362 4112 eum
1382 4067 1441 4132 pro

272 4145 414 4212 &uariis
442 4149 494 4216 vel
526 4156 681 4237 panibnS,
713 4165 744 4217 et
771 4156 982 4238 simulabant,
1012 4174 1050 4221 se
1073 4175 1137 4219 rem
1161 4155 1247 4218 velle
1268 4153 1440 4233 dimittere,

271 4251 335 4317 nisi
367 4254 440 4319 dato
472 4265 587 4343 pretio.
643 4261 684 4324 Et
713 4257 817 4322 ita'in
853 4262 1009 4344 principio
1038 4269 1115 4324 ante
1147 4260 1377 4343 experientiam
1409 4266 1442 4320 ct
