3202 5218
849 270 913 336 m

290 455 492 520 acemsimns
515 455 632 520 iterum
651 453 774 533 erdiuc,
793 471 857 536 quo
880 454 980 536 prtus,
999 460 1033 516 et
1053 465 1184 514 sacras
1206 445 1374 532 reliquias
1394 443 1489 510 deos-

292 561 392 624 culati
412 576 526 623 sumus
553 567 585 620 et
608 567 718 620 nostra
740 575 890 638 munera,
923 563 1036 620 aurum
1059 562 1097 618 et
1122 561 1333 636 argentum,
1366 549 1401 611 in
1421 565 1490 610 sar-

293 665 474 748 mphrgum
506 663 695 745 obtulimus,
729 661 858 747 quidam
897 671 1034 746 quatuor
1065 659 1242 740 ducatos,
1281 654 1388 740 aliqui
1418 661 1489 734 tres,

292 763 391 849 aliqui
424 764 523 847 duos,
558 767 660 850 major
688 783 764 851 pars
785 786 882 831 unum
903 766 945 830 ad
967 767 1072 830 minus
1094 765 1221 848 posuit
1258 761 1435 840 ducatum,
1460 766 1490 818 et

294 887 368 935 cum
396 868 459 933 hoc
479 867 725 936 decantavimus
741 871 836 956 juxta
858 872 997 935 tumbam
1031 869 1246 952 antiphonas
1281 873 1317 927 et
1340 861 1491 926 collectas

294 973 329 1038 ln
350 973 583 1058 processionali
604 976 752 1058 signatas
771 985 804 1039 et
825 973 1043 1059 indulgentias
1062 974 1151 1058 (††)
1174 969 1361 1057 plenariae
1379 966 1491 1030 remis-

295 1079 397 1142 sionis
422 1080 602 1144 habuimus.
647 1079 793 1146 Sacrieta
821 1090 928 1146 autem
951 1079 1137 1144 recollectis
1163 1073 1359 1141 offertoriis
1381 1087 1490 1134 sarco·

293 1183 436 1269 phagum
459 1185 600 1250 reclusit.
636 1196 649 1228 ¹

380 1290 506 1354 'l'umlra
527 1299 578 1355 est
599 1292 633 1354 in
654 1289 768 1356 dextra
797 1297 891 1374 parte
910 1290 999 1354 clrori
1020 1292 1052 1353 in
1075 1287 1303 1354 eminentiori
1326 1290 1422 1368 parte
1441 1297 1491 1341 re·

296 1393 403 1476 posita
425 1392 467 1457 de
486 1413 645 1459 marmore
666 1393 802 1458 candido
830 1405 862 1458 et
884 1395 984 1479 polito
1008 1393 1110 1476 lacta,
1133 1395 1171 1456 in
1198 1391 1281 1474 ejus
1318 1385 1491 1471 superficie

295 1515 355 1579 per
376 1497 543 1562 circuitum
565 1509 641 1563 sunt
660 1499 807 1582 sculptae
828 1499 957 1582 aliquae
977 1499 1134 1581 imagines
1164 1503 1205 1560 et
1221 1494 1402 1579 plantulae
1422 1507 1489 1552 cum

296 1600 400 1681 loliis,
429 1619 491 1664 nec
514 1612 564 1665 est
592 1601 633 1666 ad
656 1601 887 1686 longitudinem
919 1613 1063 1667 staturae
1091 1603 1245 1666 hominis
1283 1600 1396 1676 facta,
1430 1589 1486 1654 sed

203 1697 209 1706 '
294 1704 394 1767 multo
414 1705 553 1788 brevior,
576 1709 653 1792 qnia
674 1706 778 1770 solum
799 1721 858 1790 pro
880 1709 1000 1772 ossium
1020 1709 1288 1770 conservatione
1307 1703 1371 1766 luit
1394 1700 1485 1761 facta.

295 1807 419 1870 lllultae
440 1807 591 1874 ardentes
613 1811 779 1896 lampades
797 1811 939 1896 pendent
957 1811 1051 1894 juxte
1072 1832 1166 1895 eum,
1194 1829 1291 1897 quae
1324 1807 1403 1871 olim
1426 1819 1484 1864 nn-

295 1913 472 1978 lrlebautur
497 1917 539 1980 dc
568 1917 659 2000 cleo,
685 1917 771 2002 quod
791 1917 921 1981 sudavit
956 1917 997 1979 de
1018 1918 1172 1981 membris
1209 1913 1402 1998 virgineis,
1429 1901 1484 1968 scd

172 2103 175 2109 Ι
260 2093 263 2100 ,
296 2018 450 2084 miraculo
468 2021 532 2086 hoc
552 2031 704 2085 cessante
730 2023 872 2086 membra
903 2022 975 2085 oleo
1002 2021 1130 2104 quidem
1153 2029 1257 2086 erant
1280 2018 1406 2102 plena,
1426 2005 1482 2072 aad

258 2194 260 2205 Ι
296 2142 361 2186 uon
381 2125 561 2209 sudabant,
590 2128 652 2191 nisi
674 2126 802 2210 quando
827 2127 951 2190 sortiter
978 2126 1186 2191 tricabautnr.
1235 2121 1341 2190 Unde
1364 2117 1431 2200 legi
1451 2113 1481 2174 itt

296 2231 553 2310 peregrinalibus
586 2234 747 2317 antiquis,
780 2227 863 2314 quotl
893 2229 1077 2310 petentibus
1100 2229 1295 2315 peregrinis
1319 2221 1480 2290 fricabant

296 2335 443 2398 monaehi
476 2335 597 2418 aliquot
630 2335 668 2399 os
702 2336 839 2419 virginis
860 2343 892 2396 et
924 2333 1087 2397 desudans
1122 2334 1234 2398 oleusr
1273 2325 1479 2411 accipiebant

296 2438 469 2519 peregrini.
512 2438 578 2503 Sed
603 2450 634 2502 et
657 2442 719 2515 hoc
739 2435 925 2503 miraculum
956 2440 1097 2502 cessavit
1119 2448 1151 2501 et
1173 2443 1400 2503 subsecutum
1423 2425 1477 2489 lull

263 2531 265 2536 ’
297 2540 393 2604 aliud.
437 2542 523 2607 Nam
544 2545 682 2627 singulis
711 2545 807 2607 antris
829 2545 861 2604 iu
884 2544 1028 2625 profesto
1056 2545 1194 2626 virginis
1234 2537 1475 2607 advolaverunt

298 2645 455 2728 quaedam
493 2650 624 2731 ignotae
656 2667 737 2712 aves
769 2647 1018 2733 pulcherrimae,
1046 2651 1159 2711 rostris
1183 2649 1348 2712 terentes
1372 2649 1474 2702 rames

298 2753 456 2814 olivarum
477 2753 600 2816 virides
628 2762 659 2815 et
682 2753 778 2816 olivis
800 2753 944 2835 repletos
976 2761 1011 2816 et
1034 2762 1282 2837 supertectum
1313 2741 1473 2810 eeclesiae

297 2856 478 2920 residentes
500 2876 606 2922 ramos
628 2857 829 2942 projecerunt
851 2859 1018 2942 deorsum,
1051 2876 1135 2942 ques
1170 2857 1295 2922 lratres
1319 2850 1468 2916 tollentes

297 2961 402 3024 eleum
420 2980 609 3045 saporosum
632 2973 665 3024 et
686 2963 793 3026 nobile
814 2975 1045 3048 expresserunt
1067 2965 1100 3026 iu
1123 2971 1212 3026 tauta
1233 2961 1352 3046 copia,
1388 2941 1468 3035 (1¹1⁰d

296 3083 492 3149 perannum
515 3087 573 3150 pro
595 3067 667 3130 cibo
689 3079 720 3130 ct
742 3070 915 3132 luminibus
937 3068 1152 3138 abundabant.
1190 3067 1339 3132 'landem
1363 3063 1467 3120 amem

296 3177 328 3230 et
364 3170 426 3232 hoc
459 3172 644 3234 miraculum
678 3175 840 3256 cessavit,
879 3175 955 3258 quia
985 3172 1039 3236 vel
1072 3183 1202 3256 tempus
1237 3163 1464 3234 miraculorum

295 3275 463 3356 transivit,
484 3276 539 3338 vel
560 3277 637 3357 quia
658 3277 780 3338 abusus
801 3279 1024 3341 miraculorum
1047 3279 1123 3360 luit,
1147 3277 1201 3340 vel
1221 3279 1302 3360 quia
1323 3259 1464 3347 indigni·

294 3384 347 3459 tas
368 3388 399 3440 et
422 3387 560 3461 peccata
592 3378 744 3441 miracula
765 3380 1019 3466 impediverunt,
1053 3381 1107 3445 vel
1128 3383 1206 3465 quia
1233 3375 1369 3445 rtiendo
1389 3383 1461 3451 ΡΝ·

293 3481 399 3544 visum
421 3481 463 3544 de
484 3481 553 3544 lleo
576 3483 652 3565 luit,
674 3486 751 3566 quia
771 3495 824 3549 est
854 3487 967 3569 regula
988 3487 1226 3570 theologorum,
1263 3480 1352 3570 qued
1374 3475 1461 3538 1l⁰¹¹⁸

226 3589 233 3611 ”
294 3604 370 3688 non
391 3587 469 3650 iacit
501 3587 671 3672 miracula,
705 3590 766 3652 uisi
795 3591 947 3675 exigente
976 3609 1094 3674 magna
1125 3593 1332 3655 necessitate.
1376 3573 1456 3642 0¹5¹ll

295 3699 403 3778 autem
437 3687 512 3755 dum
546 3693 665 3757 iratres
683 3697 789 3758 sancti
809 3705 922 3759 essent
947 3697 979 3758 in
999 3695 1085 3779 loco,
1110 3699 1166 3780 qui
1198 3698 1229 3760 iu
1252 3689 1388 3780 penuria
1408 3677 1457 3741 vl·

291 3795 411 3859 rebant
446 3807 479 3860 et
508 3807 701 3882 paupertate
729 3800 937 3884 squalebant,
969 3800 1060 3864 Deus
1088 3797 1281 3864 miraculose
1311 3783 1453 3883 providit,

291 3902 368 3983 quia
397 3919 523 3965 omnem
554 3922 644 3987 spem
678 3904 710 3967 in
743 3906 848 3987 ipsum
878 3906 1062 3988 jactabant,
1091 3904 1186 3987 juxta
1219 3904 1297 3970 illud
1327 3891 1401 3982 (57
1411 3885 1453 3966 ⁸)

288 4003 393 4088 psalm
435 4005 525 4070 LV.:
568 4008 666 4072 Jacta
707 4010 881 4092 cogitatum
926 4019 1013 4073 tuum
1056 4011 1089 4072 in
1132 4009 1270 4074 llomiuo
1313 4015 1346 4070 et
1385 4001 1450 4079 19³⁰

289 4118 322 4173 te
342 4111 488 4174 enutriet.
519 4113 616 4175 ltem:
636 4116 693 4175 tibi
716 4113 890 4177 derelictus
913 4122 965 4181 est
989 4131 1120 4197 pauper.
1165 4112 1330 4177 Successu
1352 4112 1450 4171 autem

292 4216 446 4298 temperis
467 4217 660 4302 incipiebant
683 4219 795 4281 timere
824 4227 1046 4302 paupertatem
1068 4227 1100 4280 et
1123 4235 1232 4282 curam
1256 4218 1297 4281 de
1317 4235 1355 4280 se
1375 4202 1448 4290 ipsis

292 4337 409 4402 gerere
429 4330 462 4384 et
484 4322 711 4406 eleemosynas
733 4340 889 4404 quaerere
910 4331 941 4384 et
974 4323 1096 4387 reditus
1118 4341 1226 4387 emere
1247 4333 1279 4386 et
1311 4318 1450 4384 thelonea
