3132 5206
695 263 739 330 tr

127 449 226 532 quasi
250 463 370 532 greges
390 446 500 510 ovium
519 443 699 528 procedunt
717 445 759 508 ad
793 462 911 530 aquam
938 465 996 529 pro
1024 454 1113 529 potu,
1140 447 1173 509 in
1205 455 1298 509 aestu

126 555 220 616 euim
251 553 315 616 diei
346 551 496 616 habitant
520 550 554 613 in
586 549 738 613 cavernis
765 558 942 634 patrarum.
993 551 1040 613 ibi
1068 560 1145 614 sunt
1176 552 1299 642 leones,

10 650 13 663 '
125 657 216 739 ursi,
239 657 376 740 vulpes,
394 655 541 738 caprioli,
563 655 671 737 corvi,
712 655 857 750 tepores,
879 655 1008 738 onagri,
1040 664 1073 717 et
1106 654 1298 740 huiusmodi,
1395 720 1400 729 ,

6 838 9 855 Α
125 779 216 845 quae
231 762 277 824 ibi
290 760 444 823 incedunt
464 760 550 822 sicut
560 759 709 822 animalia
720 758 908 842 domestica,
930 759 1148 822 uocbomiuos
1160 759 1299 844 fugiunt,

125 866 192 928 nisi
211 864 344 949 quando
365 866 414 927 ois
435 865 531 927 nimis
553 863 810 947 appropinquare
826 861 1033 926 contendunt.
1075 863 1164 926 Anto
1178 864 1299 948 aliquot

123 987 236 1033 annos
258 968 309 1032 leo
330 970 448 1053 iugens
468 968 512 1031 ibi
537 970 729 1051 morabatur,
762 977 796 1030 ot
817 984 880 1029 neo
900 967 1084 1029 bominibus
1105 986 1167 1029 uec
1183 968 1299 1032 bestiis

123 1073 290 1137 molestus
310 1083 392 1155 erat,
414 1071 474 1135 sed
494 1071 536 1134 ad
557 1071 716 1134 hominem
739 1071 783 1133 ibi
806 1079 1026 1134 transeuntem
1043 1072 1237 1155 aspiciebat,
1266 1081 1300 1137 at

124 1186 220 1241 motu
243 1175 367 1240 caudae
393 1194 474 1240 suaa
505 1173 783 1239 mansuetudinem
805 1173 1014 1238 ostendebat:
1041 1175 1170 1258 quidam
1193 1185 1298 1240 autem
1371 1206 1376 1218 ·

123 1281 341 1346 Christianus
364 1298 437 1344 cum
459 1298 537 1344 aren
559 1279 622 1343 iter
643 1298 746 1364 agens
769 1287 884 1343 contra
911 1278 1038 1342 leonem
1060 1281 1213 1362 sagittam
1236 1283 1300 1344 mi·

122 1387 187 1469 sit,
217 1386 273 1450 ieo
302 1405 382 1449 vero
402 1385 443 1448 ad
465 1387 616 1469 sagittam
639 1387 800 1468 cucurrit,
830 1392 863 1446 et
892 1401 963 1446 eam
985 1383 1156 1466 odorabat3
1183 1385 1298 1449 iterum

122 1489 183 1553 iiie
205 1489 305 1552 aliam
326 1491 478 1573 sagittam
501 1499 612 1552 contra
632 1508 705 1552 eum
728 1490 833 1572 misit,
866 1487 907 1552 ad
936 1487 1008 1570 ejus
1039 1506 1168 1552 cursum
1191 1506 1229 1552 so
1247 1490 1300 1553 loo

123 1595 247 1677 erexit,
270 1595 364 1678 quasi
387 1613 457 1657 eam
474 1595 645 1678 petiturus,
674 1602 801 1677 etpost
830 1593 893 1656 boc
922 1593 1042 1656 iactum
1074 1597 1108 1656 in
1138 1594 1209 1658 loco
1237 1614 1299 1660 suo

1 1687 3 1741 ³
122 1708 288 1764 consueto
309 1717 374 1762 non
396 1697 598 1780 estamplius
616 1699 721 1780 visus,
743 1695 803 1759 sed
819 1697 1019 1779 evagabatur
1034 1701 1299 1782 percampestria

1 1855 2 1867 .
84 1818 86 1820 ·
124 1813 160 1869 ct
184 1824 247 1888 per
265 1801 457 1868 soiitudiues
472 1801 643 1886 Jordanis,
675 1808 709 1863 et
737 1818 810 1863 cum
833 1795 939 1886 rugitu
970 1803 1102 1886 circuit,
1138 1821 1299 1886 quaerens

125 1927 228 1992 quem
251 1906 432 1988 devoraret,
454 1914 486 1969 et
508 1915 572 1969 tam
586 1904 767 1970 homiuibus
787 1922 882 1988 quam
901 1903 1057 1987 jumentis
1073 1908 1172 1972 multa
1189 1908 1300 1973 intulit

1 2032 2 2052 ¹
126 2011 288 2095 deinceps
307 2009 433 2074 tamira

271 2256 444 2357 Dignitas
471 2265 509 2333 e't
538 2255 801 2333 commendabo
824 2256 943 2332 sancti
965 2253 1153 2337 dordonis.

216 2439 368 2522 Dignitas
388 2439 493 2502 sancti
514 2436 668 2501 Jordanis
697 2446 750 2502 est
781 2437 1037 2521 inaestimabilis,
1058 2448 1190 2521 separat
1215 2441 1301 2504 euim

129 2547 299 2628 regionem
320 2541 461 2606 bdelium
484 2559 504 2604 a
531 2543 663 2625 regione
683 2541 880 2625 infidelium:
911 2561 986 2607 uam
1017 2543 1104 2607 ultra
1123 2544 1301 2608 Jordanem

131 2657 225 2712 erant
239 2647 458 2729 Ammonitas,
471 2647 637 2708 Moabitae
662 2655 694 2710 et
711 2647 814 2711 Edem
837 2656 870 2710 ot
890 2649 1037 2730 Arabos3
1058 2649 1092 2710 in
1115 2649 1178 2712 hac
1193 2657 1301 2712 autem

2 2833 3 2852 Χ
130 2763 226 2837 parta
248 2752 435 2816 habitabant
454 2749 512 2813 dlii
531 2749 643 2812 israel.
686 2751 780 2814 Fiiiis
808 2751 909 2814 israel
928 2754 992 2814 iter
1012 2753 1177 2835 praebuit,
1199 2769 1302 2836 aequa

130 2857 321 2920 mirabiliter
342 2859 383 2918 in
417 2854 519 2917 altum
540 2853 699 2937 elevavit,
728 2864 764 2917 ut
791 2855 927 2919 habetur
947 2855 1072 2918 Josuaa
1088 2854 1120 2918 3.
1162 2854 1302 2937 Lepram

129 2961 282 3024 Naaman
289 3004 300 3044 ,
331 2959 485 3043 principia
516 2959 649 3021 miiitiae
680 2957 890 3040 Assyriorum
931 2959 1077 3041 sanavit,
1107 2957 1130 3021 3
1159 2955 1243 3043 neg.
1269 2959 1301 3021 5.

131 3065 264 3148 Heiyae
283 3083 323 3128 ac
346 3063 492 3127 Helisaei
513 3061 696 3146 praeceptis
717 3062 830 3144 paruit,
852 3069 885 3124 et
904 3064 991 3124 mam
1012 3079 1071 3144 por
1092 3061 1231 3126 medium
1252 3064 1303 3126 eis

134 3168 298 3253 praebuit,
318 3169 340 3231 4
360 3166 443 3251 Reg.
465 3169 496 3233 2
536 3167 670 3229 Ferrum
692 3165 818 3229 securis
835 3167 870 3229 in
891 3165 947 3230 ilia
967 3185 1052 3249 aqua
1075 3171 1302 3252 supernatavit

134 3273 340 3352 mirabiliter,
364 3273 386 3335 4
415 3270 503 3354 fleg.
532 3271 592 3335 Vi.
615 3269 735 3354 (ΞΜ)
761 3270 815 3354 Δ)
867 3268 1105 3334 Sanctissimae
1133 3272 1303 3337 Johannes

131 3379 283 3462 Baptista
303 3375 455 3459 populum
475 3377 509 3439 iu
529 3376 592 3439 hoc
613 3376 744 3438 flumina
765 3373 963 3458 baptizavit,
978 3383 1014 3438 ut
1032 3375 1169 3440 habetur
1190 3377 1302 3441 Lucae

131 3483 162 3550 2
186 3490 222 3545 at
240 3478 316 3545 Joh.
339 3481 370 3548 1.
392 3489 426 3544 et
445 3479 551 3544 Marci
574 3482 602 3545 1.
654 3479 721 3543 Sed
743 3478 831 3563 qnod
851 3480 999 3542 omnibus
1031 3480 1082 3543 his
1108 3482 1301 3546 eminentius

131 3593 195 3670 cet,
212 3584 364 3680 cbristus
377 3585 490 3668 deaus,
512 3584 597 3648 fliius
617 3585 691 3668 Dei,
715 3585 748 3647 iu
769 3585 832 3648 hoo
852 3583 984 3646 flumine
1008 3584 1165 3667 baptisari
1187 3585 1300 3662 voiuit,

130 3701 167 3756 ut
184 3699 277 3756 tactu
297 3707 378 3754 suae
399 3690 629 3754 mundissimae
650 3691 759 3753 carnia
779 3690 846 3752 vim
864 3690 1123 3772 regenerativam
1141 3690 1302 3754 conferret
1416 3678 1423 3689 ’

133 3799 236 3880 aquia.
279 3795 375 3860 Unde
394 3796 477 3860 baec
497 3813 582 3879 aqua
603 3801 655 3856 est
675 3801 780 3857 mator
800 3793 940 3857 omnium
961 3794 995 3855 in
1010 3790 1140 3857 Christo
1163 3811 1302 3879 regeno-

132 3911 283 3965 ratorum.
326 3900 403 3964 Ideo
441 3899 523 3964 dicit
546 3895 773 3962 flambardus:
804 3895 889 3960 iaoto
910 3898 986 3960 sinu
1003 3897 1118 3981 recipit
1138 3897 1302 3962 Jordanoa

132 4003 353 4087 christianos,
375 4005 431 4089 qui
453 4003 577 4069 Christi
599 4020 638 4068 sa
658 4003 837 4087 gloriantur
865 4009 1078 4066 consecratos
1100 4002 1300 4085 baptismate.
1324 4085 1326 4090 Ι

133 4109 237 4174 idom:
270 4107 356 4187 Quid
388 4109 422 4172 in
459 4110 645 4174 fluminibus
677 4109 742 4171 isto
764 4107 976 4191 eminentius,
1008 4105 1094 4190 qnod
1116 4107 1188 4192 ipsa
1207 4123 1302 4170 sacra
1403 4183 1419 4211 θ

133 4216 276 4280 'l'rinitas
314 4214 376 4277 sibi
414 4214 555 4298 quadam
589 4211 732 4278 evidenti
763 4215 946 4295 praesentia
978 4207 1170 4276 dedicavit?
1204 4209 1303 4272 Pater
1386 4213 1392 4223 ‘

132 4319 272 4403 auditus,
291 4319 388 4383 visus
410 4313 552 4406 Spiritus
572 4311 731 4401 Summus,
752 4315 856 4381 bilius
877 4314 1071 4398 baptizatus.
1114 4315 1165 4377 De
1186 4314 1323 4397 quibos·
