3202 5218
348 493 382 548 et
403 482 511 546 omnis
537 480 651 546 obrnlt.
695 478 780 543 lieto
813 488 939 563 eutem,
973 478 1064 565 quod
1101 481 1138 542 in
1173 476 1274 540 alveo
1297 473 1366 536 Nili
1398 480 1518 552 muneret,

346 587 415 652 Nili
436 604 538 671 aquus
560 583 672 649 dulces
693 593 725 646 et
748 602 869 667 serres,
893 585 1010 668 quibus
1032 593 1111 647 tote
1134 583 1297 665 irrigetur
1318 578 1515 659 Aegyptusot

348 697 497 777 potetur,
527 707 600 752 eum
623 688 677 752 elli
707 687 815 751 fontes
842 707 907 752 non
937 691 1018 771 sint,
1052 694 1313 770 corrumperet,
1345 681 1519 744 inliceretet

348 813 477 859 emeres
510 793 681 876 redderet,
711 794 933 878 impotabiles,
962 793 1098 856 steriles
1138 802 1174 853 et
1213 788 1362 852 inutiles.
1414 782 1519 846 Sullrto

349 910 457 964 eutem
487 899 555 962 Nili
583 901 718 962 servitio
740 908 773 960 et
805 900 964 982 utilitate,
1000 895 1176 981 quomodo
1217 893 1399 975 Aegyptus
1425 879 1519 949 sirbitl

349 1004 575 1068 indubitabilis
601 1019 739 1066 necesse
774 1004 852 1085 erit,
881 1022 952 1066 cum
980 1018 1166 1085 numquam
1200 997 1350 1062 senserit
1378 991 1454 1056 coeli
1471 989 1521 1052 cle·

351 1111 503 1171 mentium
525 1108 587 1171 sibi
609 1108 775 1172 irmrentis
801 1117 832 1169 et
854 1106 1044 1171 instillantis
1066 1124 1203 1190 eques,
1234 1105 1325 1166 sicut
1348 1099 1419 1161 eliis
1438 1086 1521 1156 mundi

352 1215 538 1298 regionibus
559 1213 747 1296 impertitur.
792 1215 929 1295 Insuper
954 1221 1084 1294 praeter
1108 1211 1202 1291 hoo,
1236 1203 1327 1290 quod
1349 1202 1464 1264 scimus
1481 1212 1521 1277 pro

351 1335 448 1404 vero,
470 1337 529 1402 per
549 1319 613 1382 hoc
634 1334 717 1400 opus
738 1318 924 1400 Aegyptum
949 1317 1087 1379 desolari
1114 1316 1281 1378 timemus
1311 1307 1407 1371 terris
1438 1295 1523 1384 prorui

351 1423 476 1486 euobis
487 1423 719 1502 existentibus,
740 1421 815 1484 dum
827 1422 911 1484 enim
925 1423 1086 1486 intuemur
1096 1417 1218 1504 polegi
1234 1412 1354 1479 oceani
1370 1400 1523 1492 pergrande

352 1543 471 1609 corpus
491 1534 524 1588 et
546 1525 872 1608 incomprehensibile
894 1535 1081 1608 monstmm,
1105 1528 1318 1607 praeruptos
1341 1529 1483 1597 equarum
1500 1507 1523 1564 ln

350 1630 474 1696 coelum
498 1638 624 1692 montes
645 1648 820 1713 eurumque
840 1638 929 1692 etrus
952 1631 1114 1711 opeoitete
1153 1625 1367 1710 speluncas:
1402 1609 1522 1680 horridis

352 1744 384 1797 et
406 1731 579 1796 indomitos
600 1734 688 1796 vires
710 1732 884 1795 furentium
913 1742 943 1795 et
969 1735 1179 1796 frementium
1212 1744 1378 1814 equarum
1406 1720 1434 1782 si
1453 1723 1523 1778 exiri

352 1839 450 1901 limen
472 1855 567 1900 sunm
594 1837 725 1901 evocari
746 1835 873 1900 modico
904 1846 991 1901 moin
1014 1838 1217 1922 contigerit,
1250 1827 1449 1917 gravissima
1467 1833 1522 1881 mor

354 1943 456 2007 moles
486 1949 641 2025 sequetur
662 1950 696 2004 et
721 1942 823 2024 primo
846 1942 961 2004 insulis
995 1944 1159 2006 ombomm
1188 1940 1335 2002 merium
1371 1925 1484 1993 obrutis
1501 1927 1523 1979 et

353 2048 529 2130 demersis,
551 2047 689 2129 Perses,
713 2045 832 2109 Medos
855 2055 887 2108 et
908 2048 1036 2110 Arabes
1057 2065 1129 2110 oum
1154 2041 1346 2128 Aegyptiis
1378 2048 1458 2116 sque
1483 2027 1522 2086 in·

352 2153 465 2218 volvet
485 2161 518 2215 et
539 2171 652 2216 omnes
675 2159 780 2215 terres
806 2153 839 2214 in
861 2171 917 2215 ore
939 2154 1037 2215 meris
1060 2153 1239 2234 utriusque
1272 2140 1427 2209 absorbet
1447 2127 1522 2205 nndr,

352 2275 415 2320 neo
434 2257 551 2340 poterit
584 2255 725 2319 evadere
758 2257 850 2319 liciis
881 2258 1112 2339 intemperatos
1143 2269 1315 2320 occursus
1344 2255 1377 2308 et
1409 2231 1522 2325 paludi·

353 2361 556 2425 Venetionse
576 2360 784 2424 inundatione
807 2380 961 2444 uquarum
984 2361 1187 2445 oporieulur,
1226 2374 1295 2420 neo
1316 2357 1422 2417 sistus
1440 2335 1521 2404 merit

353 2466 414 2527 erit
435 2471 469 2526 et
490 2467 608 2528 fluuius
629 2484 693 2528 non
705 2467 858 2549 cessabit,
879 2483 1049 2550 quousque
1070 2464 1202 2546 Alpium
1229 2459 1344 2524 velles
1366 2445 1521 2516 anteriores

353 2568 533 2653 impleverit
553 2579 585 2634 et
611 2568 778 2654 usquead
800 2571 928 2635 radices
946 2569 1158 2632 excelsiorum
1180 2566 1323 2650 Alpium
1345 2543 1520 2645 pulvereni

354 2675 439 2737 sicut
470 2684 547 2736 onte
577 2692 693 2736 sevum
729 2684 872 2737 nostrum
906 2675 1009 2737 luisse
1045 2677 1142 2756 signs
1173 2673 1209 2735 in
1247 2665 1413 2731 montibus
1443 2647 1521 2718 hodio

355 2783 551 2861 monstrent,
581 2778 623 2844 de
642 2799 706 2864 quo
743 2779 901 2844 modicum
929 2779 1066 2844 hebetur
1086 2779 1123 2840 P.
1148 2778 1176 2841 i.
1200 2776 1277 2840 not.
1304 2771 1358 2836 sti
1380 2766 1422 2830 A·
1516 2777 1518 2782 '

439 2885 503 2946 His
525 2903 583 2947 rex
593 2883 802 2948 Ptolomaeus
828 2883 949 2947 auditis
972 2891 1011 2946 et·
1025 2882 1189 2946 intellecta
1215 2881 1362 2946 veritate
1380 2869 1419 2933 eb
1440 2869 1520 2943 opere

353 2987 483 3070 incepto
504 2987 645 3073 destitit,
667 3000 823 3074 perpetus
845 3000 951 3053 temen
973 2989 1069 3071 signe
1097 3005 1177 3048 suso
1199 2968 1476 3068 magnanimitatis
1493 2960 1517 3018 ir

353 3094 515 3155 montibus
536 3093 602 3156 illis
623 3103 656 3155 et
677 3096 814 3160 collibus
836 3093 1017 3174 dereliquit.
1054 3091 1098 3154 Ei
1120 3090 1290 3173 proiecto,
1313 3085 1344 3148 si
1363 3061 1518 3144 maritimi

354 3195 528 3258 manifeste
550 3197 674 3259 ratione
703 3213 781 3259 suos
803 3204 941 3261 conotus
963 3214 1026 3259 non
1057 3197 1355 3278 compressissent,
1388 3187 1418 3246 in
1438 3175 1515 3239 finem

353 3297 429 3360 licet
449 3316 514 3360 non
536 3299 694 3361 intentum
718 3317 800 3381 opus
819 3300 1027 3381 deduxisset,
1058 3316 1119 3361 nee
1145 3297 1282 3360 multum
1307 3286 1439 3357 difficile
1459 3273 1516 3345 inii,

353 3417 424 3463 cum
447 3403 588 3483 spetlum
609 3403 693 3464 inter
714 3402 824 3465 Nilum
847 3413 879 3466 et
901 3423 991 3468 mare
1012 3405 1141 3466 rubrum
1164 3403 1222 3465 vix
1242 3402 1365 3464 hebeat
1388 3379 1514 3454 militaris

356 3503 544 3566 theutonice
565 3521 635 3568 sex.

300 3634 301 3641 ¹
434 3608 539 3693 Ecce,
577 3610 694 3695 lector,
738 3620 892 3695 quantem
937 3611 1162 3692 evagationem
1194 3627 1282 3672 nureo
1318 3623 1339 3670 e
1369 3585 1512 3686 pt⁰1>⁰⁸5¹⁰

352 3714 621 3798 peregrinationis
643 3716 718 3800 ieci,
740 3716 887 3801 gyrando
908 3733 1015 3798 poene
1036 3715 1222 3777 universnm
1245 3710 1411 3785 mnndum,
1430 3705 1513 3760 ⁰⁰⁸¹·

351 3819 444 3881 sione
464 3821 641 3885 scissorum
663 3824 818 3886 montium
848 3830 880 3883 et
911 3821 1037 3904 rupium
1059 3820 1112 3883 hio
1139 3827 1217 3882 ente
1239 3817 1353 3880 oculos
1374 3790 1508 3872 nostros!

351 3920 434 3982 llum
459 3940 537 4005 ergo
558 3923 680 3988 diutins
712 3927 866 3991 mirantes
883 3924 978 4007 juxte
998 3926 1097 3988 uteris
1118 3924 1288 3988 terminum
1311 3911 1509 3983 stetissemus

351 4023 479 4086 tendem
504 4029 670 4109 progressi
694 4046 806 4092 snmus
828 4027 907 4110 (u
917 4030 959 4109 a)
983 4036 1014 4090 et
1038 4046 1127 4090 mere
1155 4026 1283 4091 rubrum
1307 3998 1509 4107 posttergrvi·

351 4145 423 4191 mus
445 4137 478 4192 et
500 4127 733 4194 descendimus
753 4149 811 4214 per
834 4149 972 4196 arenoso
997 4141 1029 4194 ot
1052 4132 1213 4195 letissime
1232 4122 1433 4212 campestris·
