3212 5206
817 310 821 316 ‚
849 266 915 342 m

302 461 421 526 stetin
440 454 646 538 Mauritania,
666 451 750 516 aiios
770 453 803 517 iu
823 441 994 535 Hispania,
1031 461 1063 514 et
1082 453 1166 516 iuter
1184 451 1245 517 bos
1266 450 1376 518 effluit·
1390 467 1482 518 mare

305 563 572 626 mediterraneum
593 579 653 644 per
672 568 778 622 terrea
799 557 949 624 medinm.
988 559 1060 620 Hos
1082 565 1210 621 montes
1231 567 1382 621 usserunt
1401 575 1480 620 esee

304 667 472 732 columnas
507 664 669 727 Herculis.
713 661 879 745 Siquidem
912 670 1043 724 veteres
1074 661 1203 743 quidam
1235 660 1383 738 tradunt,
1417 663 1479 726 bes

306 771 388 836 duos
411 778 538 833 montes
559 775 714 850 perpetue
732 766 813 848 jugo
835 767 938 831 fuisse
954 767 1104 849 junctos,
1133 784 1195 830 nec
1215 783 1304 830 ruere
1324 764 1480 830 mediter·

306 895 438 943 runcum
453 893 495 936 cx
509 890 631 936 oceeuo
652 872 816 952 emissum,
830 870 890 934 sed
908 880 1016 934 moute
1027 871 1181 933 continuo
1197 870 1302 933 tuisse
1315 869 1476 934 inclusam

307 979 525 1061 beronieuqne
546 978 665 1042 virtute
687 976 788 1038 inisse
802 975 955 1058 divisum,
968 984 1002 1037 et
1023 993 1065 1038 ex
1079 991 1212 1056 oceano,
1224 972 1311 1056 quod
1323 983 1401 1038 aute
1413 993 1478 1039 nou

307 1093 376 1152 erat
394 1083 613 1147 intromissum
636 1083 731 1144 terris
754 1098 850 1161 mare,
868 1079 953 1162 quod
975 1086 1089 1161 postes
1109 1080 1143 1140 in
1164 1077 1352 1143 bodiernuru
1373 1097 1480 1162 usque

309 1190 394 1255 diem
420 1186 689 1251 mediterraneum
712 1183 831 1247 dictum
853 1191 918 1265 est,
940 1183 1038 1245 etita
1061 1191 1201 1265 errgusto
1222 1183 1305 1245 ireto
1316 1183 1480 1266 Europen

308 1295 350 1360 eb
371 1295 485 1356 Africa
506 1305 687 1374 separasse.
730 1287 774 1350 nt
795 1290 873 1371 quie
893 1289 977 1352 sorte
997 1303 1090 1350 ruens
1118 1288 1183 1348 iste
1203 1287 1344 1351 Arabiae
1364 1286 1479 1351 similis

309 1408 362 1464 sst
381 1397 446 1479 iili,
468 1398 524 1478 qut
545 1401 598 1456 est
619 1394 652 1455 iu
683 1393 858 1475 Hisponis,
881 1391 995 1456 eodem
1026 1391 1155 1454 nomine
1186 1400 1344 1454 vocantur
1374 1396 1480 1458 erube.

307 1505 368 1569 Est
390 1501 486 1563 etiem
507 1499 540 1560 iu
563 1495 676 1560 Sicilia
700 1496 783 1558 alius
803 1513 906 1577 mons,
927 1494 1037 1558 eodem
1060 1497 1189 1557 nomine
1209 1501 1346 1561 v'ocstus
1365 1499 1478 1582 eadem

307 1607 440 1673 rbssone.
483 1603 586 1686 Igitur
605 1609 713 1663 monte
735 1598 849 1681 Ceipis
870 1607 1072 1682 posttergeto
1107 1607 1140 1661 et
1163 1599 1263 1666 multo
1291 1605 1407 1669 itinere
1425 1605 1479 1668 die

310 1713 373 1776 isto
406 1707 565 1790 completo
591 1706 740 1768 venimus
772 1706 815 1764 in·
835 1701 1015 1785 desertum,
1043 1703 1129 1786 quod
1155 1704 1283 1768 Arabes
1314 1707 1494 1770 nominent·
1523 1775 1525 1778 ,

310 1815 507 1893 Mescbmar,
524 1819 556 1873 et
577 1811 612 1872 iu
634 1815 806 1872 torrentem
829 1806 1043 1872 aridissimum
1064 1811 1207 1892 ingressi
1229 1809 1276 1872 ibi
1296 1807 1483 1890 exoneretis

311 1921 429 1984 bestiis
449 1917 588 1980 tentoria
607 1913 737 1976 fiximus
764 1923 798 1976 et
829 1931 902 1977 curu
932 1913 1032 1975 multa
1057 1912 1247 1978 utucuttuo
1267 1931 1378 1997 parurn
1407 1933 1483 1978 sar.

310 2033 490 2090 mentorum
512 2019 704 2102 collegimus
725 2037 783 2100 pro
805 2019 882 2101 igue
912 2017 954 2080 ad
975 2017 1176 2100 coquendum
1205 2017 1335 2102 aliquid.
1377 2021 1480 2084 Porro

308 2127 352 2192 ‘ad
373 2129 461 2192 letus
492 2126 657 2189 sinistrum
689 2131 758 2184 erat
792 2140 884 2185 mons
906 2122 1063 2186 condidus
1092 2133 1125 2187 et
1155 2123 1258 2208 situs,
1282 2125 1317 2186 iu
1348 2124 1480 2206 longum

311 2242 448 2298 tractum
481 2237 666 2311 porrectus,
688 2245 752 2290 non
775 2225 872 2309 longe
902 2227 1046 2290 anobis.
1088 2231 1186 2291 Hunc
1215 2238 1356 2292 montem
1370 2213 1375 2221 ’
1389 2210 1481 2292 scius

312 2336 389 2418 edii,
411 2333 529 2397 voleus
545 2331 674 2412 videre,
696 2328 773 2412 qnid
794 2339 860 2393 tum
888 2331 922 2392 in
945 2329 1016 2412 ejus
1042 2331 1204 2396 radicibus
1225 2343 1324 2396 esset
1365 2335 1481 2396 iuveni

222 2472 229 2484 =
312 2448 419 2504 sotem
441 2439 474 2499 in
496 2455 535 2499 ec
557 2435 674 2497 multas
694 2451 830 2516 magras
851 2451 1010 2496 cavernas
1041 2443 1214 2518 etspecus
1235 2440 1402 2521 ingentes,
1423 2455 1482 2521 per

318 2542 453 2608 ibndum
471 2541 590 2603 montis
624 2537 791 2620 ducentes,
811 2537 949 2621 locaque
969 2539 1024 2602 ilia
1056 2539 1161 2602 fnisse
1189 2539 1383 2623 deprehendi
1409 2561 1483 2605 ure·

317 2647 465 2711 teliornm
498 2645 701 2726 antiquorum
742 2643 978 2726 quaesitorum
1016 2659 1101 2725 quse
1133 2653 1169 2707 ut
1203 2645 1287 2727 vidi,
1315 2649 1423 2710 statim
1445 2650 1478 2709 iu

313 2761 453 2817 mentem
491 2750 601 2830 veuit,
633 2745 792 2831 quomodo
832 2747 923 2810 multi
952 2748 1059 2812 sancti
1099 2759 1208 2832 patres
1238 2750 1390 2833 leguntur
1416 2753 1481 2816 sibi

313 2855 500 2922 mansiones
513 2853 656 2935 elegisse
675 2851 708 2912 iu
722 2850 905 2932 hujusmodi
919 2851 1081 2914 derelictis
1098 2852 1258 2917 fabrorum
1279 2855 1481 2939 habitaculis,

312 2971 350 3026 ut
375 2959 411 3024 S.
432 2958 576 3021 Hilarius
605 2964 638 3018 et
657 2953 694 3021 S.
716 2955 850 3037 Paulus,
872 2957 994 3037 primus
1016 2957 1160 3034 eremita,
1184 2958 1225 3021 de
1254 2977 1318 3042 qno
1336 2960 1481 3044 Jerony·

313 3083 386 3129 ruus
407 3065 441 3127 iu
462 3061 598 3145 epistole
619 3059 661 3122 de
680 3058 830 3123 laudibus
845 3062 943 3124 ererui
976 3060 1073 3144 dicit,
1095 3061 1181 3145 quod
1201 3064 1344 3128 venitin
1365 3064 1481 3128 deser·

313 3179 381 3232 tum
403 3167 514 3250 procui
528 3164 569 3227 ad
584 3180 717 3226 exesum
734 3171 885 3245 ruentem,
899 3165 954 3227 ubi
974 3168 1102 3228 Invenit
1113 3167 1270 3249 grandem
1293 3168 1479 3252 speluncsur

312 3271 420 3355 lepide
441 3271 603 3349 clausurn,
628 3275 662 3329 et
693 3276 815 3330 remoto
849 3267 955 3351 lepide
986 3270 1212 3335 animadvertit
1241 3276 1329 3336 intus
1357 3272 1482 3357 grande

311 3375 507 3441 vestibulum
530 3380 563 3434 et
584 3372 689 3452 sortep
705 3377 739 3432 et
759 3370 899 3455 desuper
928 3394 986 3456 per
1016 3383 1130 3458 petrae
1161 3387 1340 3458 aperturam
1365 3378 1482 3459 luceru,

314 3483 486 3562 ineratque
500 3477 601 3559 iocus,
615 3477 649 3539 iu
662 3493 726 3558 quo
740 3475 860 3540 furtive
878 3489 1007 3543 monete
1029 3480 1206 3544 cudebatur
1222 3500 1262 3544 ee
1278 3491 1481 3566 tempestate,

313 3602 378 3669 pus
405 3583 600 3666 Cleopatrae
621 3581 784 3644 Antonius
813 3583 943 3646 vinctus
964 3593 1033 3666 est3
1055 3594 1088 3647 et
1109 3605 1209 3668 prope
1229 3586 1261 3650 td
1283 3587 1480 3651 vestibulum

312 3688 397 3752 bend
418 3705 522 3771 peuce
543 3695 634 3750 erent
655 3686 847 3770 habitacula,
861 3686 894 3748 in
916 3689 1033 3770 quibus
1052 3699 1146 3752 erent
1167 3693 1295 3773 scabre,
1307 3692 1403 3754 etism
1428 3692 1483 3752 in·

312 3791 414 3857 credes
440 3801 473 3855 et
486 3791 603 3875 melici,
618 3792 736 3876 quibus
756 3792 892 3873 pecunie
906 3793 1102 3873 signabatur.
1127 3793 1184 3858 sio
1205 3803 1238 3856 et
1251 3811 1314 3876 ego
1329 3783 1481 3876 antiques

313 3898 473 3962 fabrorum
496 3897 605 3959 inveni
631 3895 815 3980 speluncas.
836 3893 911 3973 (85
922 3899 968 3980 ι)
1011 3899 1048 3960 In
1080 3897 1147 3961 bas·
1170 3916 1329 3962 cavernas
1351 3898 1481 3982 quidem

310 4003 506 4085 introspexi,
526 4009 679 4084 queuturn
707 4002 812 4085 potui,
832 3999 892 4062 sed
923 3999 1049 4083 ingredi
1070 4019 1133 4064 nou
1150 4006 1329 4084 prresnmsi
1353 4006 1482 4085 timens

310 4105 414 4170 latere
434 4107 478 4170 ibi
501 4107 635 4170 nocivus
657 4107 798 4186 bestius,
820 4121 882 4166 nec
914 4111 1008 4166 eraut
1027 4123 1189 4169 caveum
1217 4107 1292 4170 iliae
1316 4126 1336 4171 ι
1369 4115 1484 4171 ustura

310 4211 439 4294 orontis,
462 4209 521 4274 sed
543 4228 642 4294 opere
662 4211 802 4273 humano
824 4205 973 4270 enemo.
1016 4207 1166 4294 Cumque
1193 4211 1312 4274 ruirens
1332 4213 1483 4294 girarem,

310 4315 424 4382 iuveni
442 4315 604 4384 euentum
626 4315 919 4385 vetustissimarum
939 4316 1138 4400 scoriarum,
1159 4332 1245 4400 quoe
1266 4315 1308 4380 de
1341 4316 1482 4383 metatur
