3202 5218
722 305 787 374 527

167 496 306 568 servatis
329 509 393 558 non
415 493 592 580 poterimus
615 493 699 556 bene
720 491 834 573 perire.
863 486 1086 557 Processimus
1109 503 1187 572 argo
1207 505 1266 570 per
1286 491 1340 552 in-

167 611 289 668 certum
308 607 341 662 et
361 598 475 660 timere
491 597 682 680 incepimus,
704 614 746 658 ne
772 595 855 658 iorte
881 598 944 658 iam
974 610 1032 658 eos
1053 595 1338 676 praeterissemus:

167 705 339 772 videbatur
361 703 446 764 enirn
468 701 579 782 nobis,
600 699 686 784 quod
705 700 882 782 longiorem
902 701 986 762 viam
1009 696 1216 761 ascendendo
1238 699 1341 762 lecis-

167 828 298 889 semus,
316 825 413 892 qnam
436 805 682 887 descendendo,
713 814 783 868 erat
803 813 914 869 eutem
942 803 1006 866 iam
1028 821 1095 866 nox
1116 801 1222 869 media
1241 811 1275 868 et
1297 803 1339 868 de

168 916 230 980 lroo
252 929 366 976 omnes
389 911 619 992 convenimus,
641 919 675 974 nt
697 911 729 972 iu
759 909 870 993 aliquo
895 906 1097 974 eminentiori
1131 907 1203 970 loeo
1225 925 1338 992 purum

63 1015 69 1022 ’
169 1021 419 1102 quiesceremus
442 1015 580 1080 [iremus
600 1023 708 1077 eutem
728 1013 824 1096 juxto
845 1011 1038 1077 menticulos
1051 1029 1206 1076 arenosos
1224 1012 1338 1101 duros,

169 1135 276 1188 tamen
304 1139 386 1205 quos
417 1121 450 1182 iu
481 1120 643 1185 descensu
674 1139 739 1184 non
766 1118 970 1208 meminimus
997 1134 1058 1180 nos
1087 1117 1229 1197 vidisse,
1264 1137 1338 1184 cnm

169 1239 278 1293 tameo
299 1233 413 1289 essent
434 1227 516 1288 setis
542 1224 611 1294 alti.
652 1223 707 1286 Ad
726 1242 825 1286 unum
857 1240 936 1306 ergo
958 1222 1162 1286 monticulum
1184 1224 1338 1288 ascendi-

169 1350 257 1414 mus,
296 1330 605 1411 circumspicientes,
629 1327 867 1409 auscultantes,
897 1326 1081 1390 clamantes
1111 1336 1145 1390 et
1176 1327 1337 1410 ejulanter

167 1453 314 1520 eramus,
337 1433 395 1498 sed
419 1453 483 1498 uon
505 1443 575 1498 erat
596 1453 681 1512 vox,
703 1451 811 1515 neum
832 1449 966 1512 sensns;
999 1431 1226 1515 colligavimus
1258 1452 1337 1517 ergo

167 1541 289 1605 asellos
310 1548 342 1602 et
362 1556 462 1621 snper
484 1548 599 1602 terram
621 1557 682 1602 nos
704 1538 899 1617 locavimus,
921 1537 1030 1618 potius
1052 1535 1093 1600 ad
1114 1539 1337 1620 respirandum

167 1655 200 1708 et
220 1642 440 1729 pausandum,
462 1642 619 1725 quemad
641 1629 878 1722 dormiendum,
908 1660 974 1704 non
1000 1642 1086 1705 enim
1108 1651 1176 1704 erat
1201 1660 1337 1708 somnus

167 1751 202 1811 in
229 1757 318 1821 tanta
340 1748 504 1810 anxietate
524 1749 725 1828 constitutis,
760 1749 837 1830 quie
857 1745 914 1809 tttti
935 1747 1050 1808 mortis
1071 1763 1198 1819 eramus
1227 1757 1259 1810 et
1280 1747 1338 1814 illa

168 1852 282 1917 infelix
303 1870 382 1935 spes
404 1851 499 1914 nolis
520 1861 605 1932 erut,
634 1852 719 1934 quod
741 1852 824 1915 forte
853 1858 930 1913 ante
952 1849 1164 1914 omnimodam
1193 1860 1335 1918 nostram

168 1959 382 2023 delectionem
424 1955 639 2019 incideremus
672 1973 787 2019 manne
817 1954 959 2020 Arabum
1000 1963 1055 2018 ant
1086 1953 1335 2022 Medianitarum

31 2143 32 2146 Ἴ
167 2073 223 2128 ant
244 2062 495 2146 Aegyptiorum,
524 2059 641 2145 quibus
659 2067 789 2143 sponte
825 2062 999 2142 nosipsos
1031 2061 1181 2143 captives
1207 2060 1336 2126 tradere

31 2163 32 2192 ³
165 2167 347 2248 vellemus,
367 2166 445 2250 quia
464 2163 593 2228 dicente
613 2165 757 2230 Jeremia
777 2165 894 2228 'l'hren
915 2165 993 2232 Νι
1014 2163 1137 2230 Melius
1158 2174 1209 2228 est
1230 2168 1335 2248 capti-

164 2274 218 2337 vis
239 2279 298 2336 aut
318 2270 428 2356 gledio
447 2271 582 2355 occisis,
605 2289 707 2354 quum.
719 2270 899 2334 interiectis
925 2269 1019 2338 larue
1061 2267 1208 2333 dioclem
1228 2279 1337 2334 tamen

165 2376 317 2442 fiduciam
350 2375 392 2439 ad
422 2374 545 2459 Deum,
581 2374 623 2437 ad
650 2375 811 2459 virginem
850 2375 1023 2457 gloriosam
1050 2374 1188 2438 Heriem
1227 2385 1260 2438 et
1288 2375 1336 2440 ad

166 2491 312 2566 sanctam
351 2479 559 2553 catherinam
593 2481 780 2562 habnimus,
803 2479 889 2564 quod
917 2497 982 2542 nou
1000 2479 1046 2542 ita
1065 2480 1183 2544 misere
1209 2482 1245 2544 in
1276 2478 1337 2546 de-

167 2595 255 2650 serto
275 2584 382 2668 perire
403 2604 463 2648 nos
482 2585 712 2667 permitterent.
736 2585 953 2650 Hortebamur
974 2593 1081 2648 eutem
1103 2602 1164 2648 nos
1184 2584 1335 2669 invicem,

167 2708 210 2752 no
231 2706 349 2771 sopore
371 2689 454 2752 sorte
473 2691 616 2753 irruente
637 2691 905 2775 opprimeremur,
925 2689 985 2754 sed
1006 2690 1052 2754 ite
1082 2691 1335 2774 quiesceremus,

168 2802 205 2856 ut
227 2801 333 2854 tumen
356 2810 452 2856 eures
473 2803 603 2877 apertus
624 2794 834 2878 haberemus,
857 2804 893 2859 ut
913 2796 943 2857 si
965 2795 1049 2858 sorte
1077 2813 1177 2878 prope
1206 2797 1334 2862 exerei-

168 2905 235 2958 tum
265 2913 430 2980 essemus,
462 2897 548 2982 qued
575 2899 609 2961 in
641 2900 825 2962 oneratione
856 2899 1068 2983 camelorum,
1104 2900 1279 2964 bessorum
1302 2910 1336 2966 et

167 2999 331 3064 lrominum
353 3000 511 3066 clamores
533 3001 734 3083 audiremus,
762 3001 870 3066 solent
890 3005 975 3067 enim
996 3006 1031 3070 iu
1058 3005 1245 3070 moratione
1275 3023 1335 3070 ca·

168 3103 243 3166 meli
266 3105 373 3186 rugire
395 3114 428 3168 et
447 3105 595 3170 homines
616 3105 756 3170 clamere
775 3115 810 3170 et
831 3119 972 3191 mutere,
993 3119 1027 3174 et
1046 3111 1144 3174 istum
1167 3111 1334 3178 tumultum

166 3210 372 3292 speravimus
393 3225 454 3272 nos
484 3209 604 3274 audire.

249 3312 350 3378 Porro
388 3313 574 3398 jacentibus
607 3315 734 3380 cunctis
771 3326 804 3380 et
834 3317 1006 3382 silentibus
1051 3336 1183 3384 menore
1213 3319 1249 3384 in
1280 3321 1335 3388 illc

167 3417 337 3483 durissimo
359 3417 444 3484 lecto
466 3439 531 3483 non
552 3422 657 3503 potul,
677 3419 737 3484 sed
755 3422 892 3488 circuivi
919 3429 955 3486 et
975 3441 1105 3488 cursum
1127 3426 1242 3490 bootae
1265 3427 1336 3492 vir·

165 3524 252 3604 ginis
274 3523 341 3605 legi
361 3533 394 3586 et
414 3525 485 3608 ejus
504 3525 691 3607 psalterium
713 3526 862 3610 silentio,
896 3539 986 3592 motu
1007 3528 1181 3611 lubiorum,
1213 3531 1336 3596 deosn-

166 3626 253 3706 tavi3
285 3627 320 3686 in
342 3627 630 3709 circumspiciendo
666 3630 735 3694 vidi
756 3633 789 3696 in
822 3632 909 3697 velle
931 3635 964 3694 in
993 3633 1076 3715 pede
1105 3638 1226 3698 montis
1249 3639 1335 3700 vesti

165 3728 327 3814 quondam
351 3730 494 3792 umbram
518 3741 551 3794 et
573 3734 732 3820 cogitavi,
765 3736 850 3819 quod
873 3746 963 3802 esset
997 3736 1172 3820 virgultum
1194 3738 1336 3823 aliquod,

167 3841 201 3898 ot
223 3831 378 3898 descendi
399 3832 531 3918 tollere,
551 3843 588 3902 ιιι
606 3834 715 3902 darem
736 3840 838 3904 aselle
867 3861 955 3924 mec,
980 3842 1035 3926 qui
1057 3860 1180 3906 mecum
1203 3842 1338 3926 jeiuns·
1416 3893 1419 3906 .

164 3937 232 4008 bet.
270 3937 338 4002 Sed
365 3937 442 4002 dum
470 3939 637 4004 venissem
659 3941 700 4006 ad
735 3962 820 4026 rem,
853 3965 918 4010 neu
950 3957 1019 4010 erut
1051 3949 1246 4033 virgultum,
1276 3951 1336 4018 ssd

164 4043 287 4108 aridum
309 4045 490 4128 spinctum,
512 4044 626 4110 abillo
648 4065 728 4130 ergo
747 4047 820 4114 loco
841 4051 975 4116 ascendi
1000 4053 1035 4116 in
1063 4053 1179 4118 collem
1201 4057 1335 4140 opposi-

167 4155 234 4210 tum
255 4149 429 4214 monticulo
447 4159 576 4232 nostro,
598 4159 634 4214 ut
661 4152 693 4214 sl
711 4152 794 4216 lorte
813 4155 858 4218 ilri
878 4154 1005 4240 aliquid,
1022 4158 1165 4222 viderem
1187 4161 1242 4224 vel
1270 4179 1333 4224 an·

166 4247 277 4333 direm,
296 4261 329 4314 et
349 4254 383 4316 iu
404 4255 468 4319 isto
488 4253 573 4318 colle
593 4257 732 4320 trenslvi
751 4275 838 4321 nune
858 4261 922 4324 lruc
942 4279 1029 4326 nunc
1044 4262 1132 4345 illue,
1144 4263 1229 4328 sicot
1245 4264 1335 4328 anxii

165 4361 198 4414 et
219 4353 399 4436 phantasils
419 4360 647 4444 praeoccupati
666 4362 740 4426 sine
759 4363 890 4430 arbitrio
921 4365 1119 4434 transierunt
1139 4385 1179 4432 se
1199 4365 1240 4434 de
1260 4366 1333 4436 loco
