3202 5218
553 269 557 278 '
645 295 709 360 eta

96 479 250 563 libenter,
270 477 357 561 qood
379 493 441 544 noo
460 479 558 542 etiam
580 476 846 561 opposuissemus
863 475 1136 558 argentum-ted
1157 477 1266 542 notui·

96 605 177 649 mus
201 583 335 666 .Aliqui
366 583 516 648 eornma
536 585 607 648 suis
638 583 785 646 eamisils
817 579 1044 663 discerpebant
1070 583 1212 664 peoiolas
1234 593 1268 647 et

96 699 172 754 ante
202 687 322 757 idolum
352 688 611 771 suspendebant,
639 689 727 750 siout
753 685 868 750 faeere
896 685 985 748 soliti
1016 689 1151 750 suntin
1174 686 1266 770 loeis,

95 795 152 859 ubi
177 793 297 877 aliquid
318 793 462 858 divinum
484 809 562 856 esso
579 792 767 876 opinantur,
799 799 834 853 nt
863 806 963 874 snpra
983 797 1073 871 patet
1094 791 1147 857 iol.
1170 787 1214 857 29
1233 793 1264 856 b.

97 906 132 960 et
159 898 202 962 33
230 915 266 962 ι,
303 896 397 962 Unde
420 905 534 960 ‘autem
562 897 683 960 stultns
705 896 760 960 ille
787 895 952 978 peeiarum
972 893 1078 957 onltns
1099 903 1191 958 ortus
1211 895 1267 977 sit,

98 1003 207 1066 dieere
228 1018 418 1086 putamus,
450 1001 535 1086 qnod
564 1003 650 1066 siout
678 999 870 1086 quibusdam
896 999 1004 1062 visum
1027 1007 1081 1062 est
1121 999 1200 1063 nibil
1231 1000 1267 1062 in

100 1107 218 1175 mnodo
239 1107 390 1190 dignius,
411 1106 550 1169 nobilius
571 1117 606 1170 ot
631 1107 703 1170 lieo
725 1105 909 1190 aooeptius,
932 1121 1027 1188 quam
1050 1104 1135 1167 entis
1166 1102 1269 1168 eada·

100 1228 226 1295 vuum,
248 1212 365 1296 quibos
386 1213 550 1294 seipsum
572 1210 730 1276 Dominus
753 1220 785 1274 et
807 1227 868 1274 sua
888 1209 1109 1272 secretissima
1123 1217 1156 1271 et
1168 1217 1268 1272 totum

99 1316 304 1379 commendat
326 1317 530 1380 universum:
564 1317 614 1380 sio
634 1318 704 1400 pari
728 1317 852 1378 ratione
873 1315 997 1377 vetusti
1017 1313 1149 1377 inutiles
1168 1315 1268 1397 pelini
1309 1341 1310 1348 κ

98 1422 173 1484 linei
202 1432 236 1484 et
266 1421 468 1486 canisianum
500 1424 613 1504 poetae
640 1421 798 1504 dignitate
828 1419 1068 1504 praeferuntur,
1100 1423 1173 1480 erim
1204 1437 1268 1481 non

98 1526 221 1588 minora
241 1527 289 1588 eis
302 1526 575 1608 commendantur,
598 1544 692 1610 quam
710 1525 840 1587 ontibus
855 1523 1050 1605 oadaverun,
1071 1529 1267 1604 pergameno

2 1637 3 1642 ’
99 1631 195 1690 etiam
209 1637 241 1690 et
254 1647 376 1711 papyro
388 1631 484 1711 omui,
506 1631 631 1695 soilieet
645 1631 756 1694 divina
767 1636 801 1692 et
814 1629 963 1710 humana,
980 1627 1136 1690 eoelestia
1151 1637 1183 1689 at
1197 1637 1266 1691 tar·
1300 1691 1303 1696 .

99 1733 230 1812 restria,
251 1740 385 1795 aeterna
407 1743 439 1796 et
461 1737 661 1814 transitoria,
694 1735 878 1818 praesentia
909 1731 1090 1813 otiatura,
1121 1729 1264 1796 visibilia

100 1845 132 1898 et
154 1833 347 1918 invisibilia,
369 1837 527 1900 naturalia
549 1847 581 1900 et
601 1841 762 1923 gratuita,
784 1820 949 1901 eredibilia
970 1844 1004 1899 et
1026 1837 1266 1918 experimenta·

101 1940 162 2018 lia,
195 1939 362 2004 rationalia
389 1950 421 2003 et
453 1943 710 2025 supernaturalia
741 1953 775 2005 et
806 1947 936 2004 eaeterb
968 1941 1094 2024 omnia,
1123 1942 1209 2006 bona
1237 1951 1271 2006 et

102 2045 203 2128 mala,
236 2046 460 2129 prosequenda
481 2056 514 2111 et
535 2048 685 2116 vitandae
716 2047 790 2110 ideo
824 2047 906 2112 iorte
935 2044 1082 2108 infideles
1104 2047 1186 2109 haee
1207 2046 1271 2110 diis

102 2153 173 2215 suis
204 2161 338 2234 aeeepta
355 2151 503 2232 judioant
534 2161 566 2213 et
588 2149 738 2216 offerunt.
783 2149 1031 2234 Corrsequonter
1051 2141 1271 2234 proposuimus

100 2256 262 2338 usquead
285 2255 348 2320 diei
372 2273 542 2340 vesperam
565 2266 597 2319 et
620 2259 653 2320 iu
681 2257 752 2319 loeo
773 2255 922 2338 horrido,
944 2273 1038 2339 quem
1062 2243 1272 2318 nominabant

2 2372 5 2384 ·
99 2363 227 2426 Arabes
257 2359 406 2445 llldlrayl,
438 2365 575 2426 tentoria
608 2361 737 2424 llximns
765 2361 844 2444 (la),
876 2377 1016 2443 eumque
1043 2377 1105 2424 nos
1135 2361 1169 2424 in
1201 2361 1272 2425 iooo

101 2467 321 2548 loeassemns,
352 2467 466 2530 iterum
497 2467 679 2550 incepimus
714 2464 855 2528 deiicere
877 2471 909 2528 et
941 2481 1040 2546 egere
1062 2474 1096 2528 et
1118 2483 1273 2549 aquaram

3 2585 4 2596 ¹
104 2570 266 2634 deieotnm
289 2572 426 2654 sentire,
448 2571 532 2654 qued
556 2578 624 2635 erat
646 2571 739 2634 nobis
765 2568 1014 2654 supramodum
1048 2570 1217 2634 molestum
1240 2579 1274 2634 et

104 2674 322 2758 intolerabilo;
354 2676 411 2738 vix
432 2675 602 2739 habuimus
625 2693 746 2760 aquas,
769 2685 803 2738 ut
833 2691 1005 2757 possemus
1032 2673 1088 2738 illo
1111 2692 1186 2738 soro
1213 2693 1273 2738 eo-

3 2787 5 2802 ‘
107 2795 207 2861 quere
233 2777 288 2860 jus
316 2778 369 2841 vel
401 2780 546 2860 predium
577 2801 634 2864 pro
670 2781 754 2844 offis.
798 2780 899 2843 Venit
937 2780 1029 2842 nobis
1060 2779 1095 2842 in
1130 2789 1270 2842 mentem

107 2881 304 2945 abundantia
346 2885 508 2966 earnium,
557 2904 707 2948 anserum
748 2896 780 2948 et
829 2901 998 2968 aucarum,
1045 2900 1129 2967 quae
1165 2897 1270 2968 paene·

103 2987 137 3050 ln
159 2988 307 3050 omnibus
330 2984 478 3050 domibus
499 2973 548 3050 est
563 2991 595 3052 in
610 2991 714 3073 patria
732 2997 842 3053 nostra
859 2991 892 3050 in
910 3007 984 3053 sero
1005 2990 1110 3052 saneti
1122 2989 1272 3054 Michae-

103 3091 168 3173 lis,
203 3101 236 3154 et
257 3091 396 3175 flagrare
416 3095 582 3176 eoepimus
603 3103 675 3176 post
709 3093 791 3157 ollas
813 3095 955 3157 earnium
984 3100 1018 3155 et
1051 3103 1126 3178 post
1157 3103 1276 3159 veruta

104 3203 318 3259 maturarum
342 3207 373 3260 et
395 3208 470 3281 post
490 3208 598 3262 erates
630 3200 766 3281 piscium
790 3208 824 3261 et
855 3198 996 3262 caldaria
1025 3198 1269 3281 pulmentorum.

102 3297 351 3382 Contigitnobis
368 3321 471 3385 paene
491 3305 576 3368 sient
595 3303 672 3366 filiis
692 3303 793 3366 lsrael
814 3304 847 3367 in
869 3305 1007 3388 deserto,
1029 3301 1157 3387 qnando
1177 3321 1273 3370 roeo·

101 3404 248 3486 gitabant
269 3408 413 3492 Aegypti
435 3410 664 3473 abundantiam
688 3417 722 3472 et
743 3408 968 3472 desiderabant
986 3426 1118 3492 earnes,
1150 3411 1272 3494 pison,

103 3527 219 3591 cepas,
248 3511 322 3574 allia
344 3523 378 3574 et
399 3533 561 3597 pepones,
591 3523 627 3577 nt
650 3515 785 3578 babetur
811 3511 913 3576 lirodi
945 3512 1056 3596 XVI„
1088 3523 1120 3576 et
1142 3514 1270 3597 plenius

102 3613 200 3682 Num.
235 3615 275 3676 11.
337 3613 405 3678 Sed
437 3616 598 3680 desideria
629 3627 742 3681 nostra
778 3627 872 3679 erant
911 3616 1049 3696 trustra,
1086 3634 1151 3678 non
1184 3619 1271 3679 enim

102 3717 305 3781 habebamus
343 3717 505 3801 Moysen,
552 3723 607 3802 qni
653 3721 837 3782 eoturnioes
869 3717 911 3779 ds
944 3719 1167 3780 transmarinis
1197 3737 1276 3802 par-

102 3822 189 3885 tibus
217 3823 312 3886 nobis
342 3822 490 3906 afferret,
522 3825 607 3886 siout
638 3823 719 3905 illis,
751 3840 851 3904 super
877 3839 960 3905 quos
987 3829 1094 3884 tamen
1117 3822 1200 3888 olam
1225 3827 1274 3888 ira

100 3923 165 3988 Dei
187 3925 367 4012 deseendit,
381 3928 518 3992 Psalmz
540 3927 659 3992 Adbne
680 3945 777 3992 esoae
798 3933 1011 3990 eornmerant
1031 3927 1064 3989 in
1086 3947 1142 3991 ore
1164 3948 1273 3992 eorum

102 4038 136 4091 et
156 4032 204 4092 ira
224 4032 287 4094 Dei
308 4031 477 4110 deseendit
501 4053 600 4118 super
621 4053 679 4099 eos
699 4043 760 4097 ete.
781 4033 937 4097 Miserum
963 4049 1042 4114 ergo
1063 4031 1098 4096 S.
1121 4035 1273 4098 bliebae-

103 4131 150 4194 lis
166 4133 249 4197 diem
281 4136 451 4202 babuimus
482 4147 517 4201 et
549 4151 676 4208 rrootem
710 4141 885 4225 inquietam
915 4149 1045 4225 propter
1081 4140 1208 4200 eineres
1240 4147 1273 4198 et

105 4245 222 4300 ventos
244 4257 301 4302 eos
322 4243 499 4305 elevantes.
