3132 5206
695 287 734 352 at

123 473 260 556 primain
281 471 411 536 domum
432 469 624 555 Zaehariae,
646 471 847 553 inferiorem,
874 481 908 533 et
928 487 1000 534 eum
1023 471 1064 535 ad
1086 489 1158 535 earn
1185 471 1299 535 venis-

122 595 247 660 semus,
266 578 405 640 tirmiter
427 575 571 640 clansam
594 578 782 661 reperimus,
806 572 847 640 ad
866 593 963 660 quarn
983 575 1142 658 lapidibus
1159 587 1192 639 et
1212 577 1299 638 lust-
1321 639 1336 657 ,

122 685 199 746 ibus
220 691 254 746 et
271 682 396 746 baoub's
417 682 633 766 pulsavimus,
656 681 716 748 sod
738 701 833 772 nomo
846 678 1128 763 respoudilnobis.
1168 679 1298 744 Circui-

123 789 206 851 bant
227 794 331 868 autem
351 787 494 869 juvenes
516 785 688 850 Sarraoeni
712 767 859 869 domum,
880 794 1076 870 quaerentes
1104 785 1220 867 lotium,
1240 804 1299 867 per
1336 823 1339 830 ·

1 911 2 922 ¹
121 908 222 977 wem
243 909 334 956 muro
354 907 495 955 aseenso
517 887 683 974 iuiraraut,
711 901 744 955 et
766 891 862 956 trabis
883 891 1054 974 aperirent,
1091 891 1170 954 Erat
1191 897 1299 952 autern

121 999 160 1062 in
183 1015 224 1061 es
244 996 447 1060 Sarraoenus
471 996 620 1080 quidam,
642 997 739 1060 bomo
760 997 885 1080 hestia,
906 997 962 1079 qui
979 995 1209 1058 dissimulavit
1239 1011 1300 1061 nos

120 1120 165 1166 se
186 1101 318 1183 audire,
341 1099 403 1164 sad
423 1099 499 1164 eum
520 1100 647 1164 videret
670 1100 813 1183 juvenes
823 1099 1088 1182 Sarraeeuorum,
1110 1100 1166 1182 qui
1187 1116 1299 1162 curre-

122 1209 208 1271 bant
229 1207 416 1288 nomadum,
438 1215 474 1268 ut
496 1205 592 1274 alium
617 1214 809 1287 quaererent
831 1206 937 1270 loeum
953 1204 1108 1287 intrandi,
1131 1203 1299 1268 deseendit

123 1312 170 1375 ad
191 1312 310 1374 ostium
333 1317 367 1372 at
387 1329 426 1372 eo
448 1311 617 1394 patelaeto
644 1309 753 1372 stabat
774 1327 846 1374 eum
869 1311 956 1374 iuste
976 1311 1009 1373 iu
1030 1311 1129 1393 ostio,
1149 1318 1196 1372 -et
1218 1298 1300 1375 unu'r

121 1417 200 1499 ejus
223 1433 298 1478 eum
321 1413 448 1498 titione,
482 1424 514 1478 ot
537 1415 772 1498 observabant,
799 1434 842 1478 ue
861 1416 1109 1500 quis‘intraret,
1132 1433 1300 1499 quousque

121 1521 191 1585 sihi
213 1519 321 1602 aliqua
341 1519 481 1600 peeuuia
502 1518 649 1602 daretur3
673 1538 757 1602 quae
773 1538 844 1583 eum
860 1521 922 1584 sibi
934 1520 1009 1584 data
1022 1521 1153 1602 luisset,
1175 1521 1300 1586 remisit

1 1617 3 1640 '
121 1626 280 1706 furorem,
301 1633 334 1685 et
345 1623 528 1706 ingressum
550 1623 694 1688 indulsit.
738 1624 855 1690 Statim
876 1635 982 1689 autem
1004 1635 1041 1689 ut
1060 1624 1185 1709 ingredi
1206 1627 1299 1688 inee-

123 1731 247 1812 pimus,
269 1728 430 1791 inchoavit
449 1738 562 1792 eantm
581 1729 742 1794 altavoee
757 1731 919 1794 uantieum
932 1732 1143 1795 beatissimae
1150 1731 1298 1814 Virginis

122 1833 273 1898 nanae:
304 1832 496 1914 Magnilleat
525 1834 633 1896 anima
661 1832 828 1898 mea'ete.
872 1833 915 1895 Et
946 1832 1020 1900 oum
1046 1835 1101 1910 illo
1130 1843 1227 1898 cautu
1256 1831 1298 1896 ad

122 1939 235 2002 toeom
256 1937 437 2018 verrinum.
451 1938 485 1998 in
515 1954 579 2020 quo
597 1937 703 2002 diaria
724 1939 828 2022 Virgo
850 1939 1016 2004 Elisabeth
1042 1940 1214 2023 salutavit,
1236 1939 1306 2004 Jo-'

123 2044 254 2108 bannos
274 2043 309 2104 ia
327 2050 419 2104 utero
441 2041 611 2126 exultavit,
625 2043 795 2107 Elisabeth
816 2043 1007 2108 resalutavit
1027 2054 1060 2106 et
1081 2045 1297 2128 prophetavit,

124 2146 234 2210 Halia
254 2161 384 2212 sarman
403 2145 624 2210 dulcissimum
642 2148 831 2212 deeantavit
853 2149 991 2212 maximo
1017 2151 1170 2230 mysterio
1191 2148 1298 2230 raple-

126 2262 207 2335 tum,
228 2251 323 2333 eujus
346 2251 513 2335 quodlibet
534 2253 669 2317 verbum
692 2253 799 2336 aliquo
822 2271 938 2336 magno
951 2269 1050 2315 sensu
1066 2262 1116 2315 est
1135 2255 1299 2336 impraeg-

125 2365 249 2422 natum.
292 2359 329 2419 lu
359 2357 415 2420 illo
443 2373 521 2440 ergo
543 2358 616 2422 loeo
638 2361 671 2420 in
693 2359 870 2422 orationem
895 2356 1092 2440 prodidimus
1125 2366 1158 2420 et
1189 2355 1299 2418 indul-

126 2462 259 2546 gentias
291 2461 458 2544 poemiae
488 2465 691 2528 remissionis
731 2464 915 2548 aeeepimus
947 2461 1039 2546 (ᾗ).
1092 2461 1297 2545 Singulorum

125 2584 269 2649 namque
290 2565 444 2629 laetitiam
466 2568 499 2630 in
516 2567 579 2632 hoe
596 2569 667 2633 loeo
678 2569 847 2632 habuimus
863 2587 936 2633 eum
955 2571 1146 2633 beatissima
1159 2569 1298 2651 Virgine

125 2672 244 2753 Uaria,
267 2689 352 2755 quae
371 2672 434 2734 hoe
451 2672 615 2736 ineffabile
636 2672 799 2758 gaudium,
822 2674 908 2756 quod
928 2694 987 2757 per
998 2675 1106 2757 angeli
1128 2673 1297 2737 salutatio-

128 2794 203 2838 nem
237 2777 269 2838 in
301 2783 435 2838 secrato.
457 2769 565 2842 cordis
595 2777 645 2841 sni
672 2779 833 2842 reclusum
856 2789 888 2841 et
910 2778 1132 2841 absconditum
1153 2777 1297 2858 gerebat,

127 2883 184 2946 hio
205 2882 238 2943 ln
260 2881 426 2963 publium
440 2882 600 2947 amicabili
612 2881 806 2946 salutatione
823 2890 856 2944 et
877 2882 963 2945 dulei
983 2884 1110 2944 cantico
1123 2880 1296 2964 promebat.

127 2985 198 3049 Sed
220 2994 253 3046 et
274 2987 365 3067 pueri
386 2987 479 3050 ambo
499 2991 535 3052 lu
555 2987 708 3050 maternis
730 2988 830 3050 uteris
849 2987 889 3049 ad
905 2993 1038 3050 matrum
1051 2979 1298 3047 couventionem

127 3091 336 3156 resultabant
354 3097 389 3154 et
404 3091 611 3174 gandebant,
640 3092 723 3156 sieut
746 3100 779 3154 at
800 3092 915 3154 ambae
936 3097 1057 3154 matres
1078 3085 1210 3150 insolita
1226 3081 1298 3144 lae-

127 3195 200 3259 titia
224 3194 367 3258 eliseus
388 3205 489 3260 eraut.
533 3199 572 3259 ln
593 3194 1044 3278 beatissimaVirglnohlaria
1063 3209 1159 3256 omne
1179 3187 1297 3274 gaudi-

129 3321 204 3377 urn,
239 3299 325 3384 quod
355 3303 389 3364 in
416 3299 566 3383 angelica
586 3301 779 3365 salutatione
812 3308 998 3386 receperat,
1032 3299 1086 3364 hie
1108 3303 1296 3359 renovatum

129 3403 201 3488 init,
221 3414 256 3468 et
277 3403 513 3488 quodammodo
535 3405 740 3487 completum.
783 3407 874 3469 Etsi
897 3405 949 3468 las
970 3411 1023 3466 est
1044 3403 1169 3484 unere,
1193 3399 1297 3482 mojus

130 3493 287 3592 &odium
316 3510 371 3574 hle
398 3509 530 3577 videtur
557 3511 719 3574 habuisse.
769 3510 918 3594 Angelus
949 3510 1033 3572 enim
1068 3510 1101 3571 in
1130 3505 1297 3570 Nazareth

131 3614 239 3696 ipsam
262 3611 410 3676 salutans
433 3613 530 3680 dixit:
552 3614 638 3697 Ave,
659 3615 764 3699 gratia
784 3615 890 3700 pieria,
912 3613 1070 3676 Dominus
1092 3621 1214 3694 tecum,
1236 3611 1297 3673 ba-

128 3716 261 3780 nedieta
281 3726 315 3781 tu
336 3717 579 3784 inruulieribus.
623 3719 691 3784 Sed
703 3719 872 3784 lllllsabeth
892 3737 975 3782 vooe
996 3736 1114 3802 magna
1129 3719 1294 3781 elimavit:
1337 3751 1341 3756 -

128 3819 309 3885 benedieta
333 3829 370 3884 tu
390 3821 474 3889 inter
495 3823 657 3908 mulieres,
679 3833 710 3888 at
731 3823 921 3890 teretrum
943 3823 1070 3887 huotus
1091 3824 1218 3886 ventris
1240 3820 1295 3882 tui.

129 3925 251 3989 Notum
280 3923 355 4009 (B)
382 3936 435 3990 eat
468 3937 594 4011 autam,
633 3927 720 4012 qnod
751 3931 939 3994 beatissima
969 3926 1073 4010 Virgo
1094 3924 1199 3986 Maria
1224 3921 1297 4003 plus

130 4029 243 4094 dilexit
261 4030 555 4114 ineomparabilltur
572 4031 716 4097 lmetum
736 4037 862 4100 ventris
883 4037 953 4118 sui,
983 4051 1079 4119 quarn
1110 4047 1148 4092 so
1175 4029 1296 4112 ipsam5

131 4143 163 4198 et
187 4133 230 4198 ed
246 4133 327 4216 'ejus
348 4134 500 4199 honorem
522 4135 596 4218 plus
616 4139 787 4221 gaudebat,
810 4155 905 4222 quam
927 4135 969 4200 ad
996 4135 1168 4218 proprium.
1221 4132 1297 4194 An-

129 4238 223 4322 gelus
245 4244 352 4302 autem
369 4239 813 4326 solumbouedletamdixlt,
835 4240 895 4305 sed
905 4240 1073 4304 Elisabeth
1098 4256 1170 4304 eam
1192 4237 1296 4300 hene-

130 4341 246 4412 dietam
275 4343 453 4428 proclamat
477 4355 510 4412 et
531 4346 668 4414 lineium
693 4349 816 4412 ventris
837 4349 889 4410 sui
895 4392 914 4428 ,1
936 4356 968 4408 et
989 4345 1022 4408 in
1049 4345 1113 4408 hoo
1139 4340 1295 4428 gaudium
