3204 5216
602 281 606 287 ’
730 308 788 375 1s1

164 492 224 577 qui
256 499 410 574 protensa
442 489 538 554 mann
580 489 731 554 ‘deorsum
771 507 885 564 omnes
918 466 978 555 {ros
1006 491 1047 555 ad
1077 492 1134 555 se'
1152 491 1342 558 suoeessive

166 597 289 661 eduxit.
331 594 553 659 circuivimus
574 612 652 679 ergo
681 595 852 678 ambitum,
885 605 918 659 et
939 597 1041 661 oellss
1062 599 1212 679 superius
1232 607 1265 661 et
1286 600 1340 662 in-

165 702 270 768 terias
291 699 432 763 vidimus
459 696 501 762 de
520 699 665 782 pnlolrris
695 697 869 783 aediliciis,
898 701 1005 765 iuerat
1036 703 1121 766 enim
1143 703 1341 785 intempore
1382 682 1384 702 '
1417 697 1425 710 '

167 803 427 869 Christianorum
455 805 684 867 monasterinm
722 803 905 867 monialium
940 805 1063 870 ordinis
1091 806 1127 869 S.
1162 801 1340 871 Benedicti·

166 912 318 992 Ingressl
337 917 444 972 antem
466 908 655 989 ecelesiam,
677 927 762 991 qnae
783 927 870 972 nune
890 918 943 973 est
965 910 1136 994 musolrea,
1171 929 1243 974 eam
1266 910 1341 974 dili-

167 1016 301 1099 gentius
321 1014 557 1098 perspeximus,
580 1025 610 1077 et
634 1014 827 1096 notavimus,
850 1031 920 1076 eam
941 1015 1112 1079 eoelesiam
1134 1024 1279 1078 ornatam
1307 1024 1341 1078 et

168 1120 341 1203 pnlolrram
363 1119 483 1200 inisse,
505 1120 645 1200 parietes
667 1121 754 1182 enim
775 1117 895 1201 depiotl
917 1120 1062 1203 inerant,
1083 1119 1142 1182 sed
1166 1117 1339 1183 Sarraoeni

167 1225 313 1307 picturas
334 1223 425 1288 oalee
445 1221 635 1286 deleverunt
663 1233 695 1286 et
718 1223 967 1306 dealbaverunt,
1000 1227 1034 1285 in
1055 1223 1202 1306 pluribus
1232 1230 1340 1286 umen

168 1328 251 1392 loeis
283 1328 359 1391 eulx
380 1326 515 1408 dedidit,
538 1329 706 1392 etiterum
729 1328 984 1418 Christianorum
1015 1329 1159 1411 picturae
1179 1326 1339 1404 videntur.

168 1433 269 1496 Porro
291 1433 424 1496 historia
445 1434 666 1514 correptionis
688 1443 721 1497 et
737 1433 918 1497 nativitatis
933 1434 1049 1496 beatae
1059 1432 1206 1515 Virginis
1216 1433 1342 1525 Mariae

169 1538 230 1600 linit
259 1537 304 1600 ini
335 1536 479 1620 depiets,
518 1537 677 1620 quomodo
715 1538 864 1601 Joaehim
898 1545 1028 1618 propter
1049 1536 1265 1604 ‚sterilitatem
1299 1535 1340 1598 da

169 1641 290 1723 templo
312 1641 373 1704 init
395 1641 561 1724 repulsus,
585 1650 618 1704 et
639 1641 798 1726 quomodo
819 1657 893 1704 enin
915 1641 985 1703 suis
1016 1642 1202 1722 pastoribus
1227 1641 1259 1703 in
1279 1639 1341 1704 de-

168 1752 258 1808 serto
286 1743 414 1828 deguit,
442 1754 476 1808 et
496 1747 654 1828 quomodo
686 1747 731 1809 ibi
747 1747 814 1808 sibi
842 1745 980 1827 angelus
1014 1747 1178 1828 apparuit,
1200 1754 1233 1807 et
1256 1763 1341 1829 qno-

168 1846 265 1912 modo
287 1852 348 1911 snb
369 1858 462 1931 porta
483 1869 582 1913 aurea
600 1851 634 1913 in
654 1850 824 1932 ampiexus
856 1866 937 1911 snae
957 1849 1068 1911 uxoris
1090 1851 1168 1932 ruit,
1200 1857 1235 1913 et
1256 1869 1340 1933 quo·

170 1951 267 2015 modo
289 1952 386 2015 Anna
406 1955 541 2017 Marino
570 1956 693 2038 genuit.
738 1955 789 2018 De
816 1953 873 2015 illa
902 1954 1027 2034 pletura
1054 1954 1119 2036 legi
1147 1939 1340 2037 nequedum

169 2057 374 2140 peregrinali,
398 2057 484 2140 quod
506 2059 679 2123 sarraceni
699 2075 770 2121 earn
793 2057 834 2120 de
855 2056 1060 2120 Maehomoto
1081 2076 1142 2120 suo
1166 2070 1340 2140 exponant.

172 2158 267 2245 Unde
289 2160 350 2224 luit
384 2162 541 2245 quaedam
572 2161 700 2246 vetula,
733 2163 884 2227 habitans
921 2161 1018 2242 juxta
1047 2161 1134 2224 illam
1164 2159 1339 2224 eeolesiam

172 2265 421 2346 sarraoenioam,
454 2283 538 2349 qnae
568 2267 695 2351 magilis
727 2261 801 2349 (B)
834 2265 963 2328 lletlbus
997 2265 1123 2328 solebat
1159 2265 1342 2330 hominibus

172 2385 336 2452 exponere
355 2371 513 2452 pietoram
534 2371 575 2432 de
595 2372 792 2435 Machometi
811 2369 895 2452 vita,
917 2378 950 2432 et
972 2369 1013 2432 de
1029 2369 1101 2452 eJ‘ns
1121 2370 1283 2454 paradiso,
1305 2381 1339 2435 et

171 2463 345 2537 carnaliter
365 2476 470 2537 omnia
491 2477 770 2558 interpretabatur.
793 2474 886 2538 Haeo
907 2475 1014 2538 omnia
1035 2493 1108 2538 oum
1130 2475 1340 2561 vidissemus,

172 2577 215 2642 de
236 2579 377 2642 eeolesia
399 2581 560 2644 exivimus
591 2579 754 2664 dolentes,
787 2579 872 2664 quod
903 2589 967 2643 tam
990 2580 1125 2663 pulolrra
1146 2581 1287 2644 eoelesia
1309 2589 1342 2643 et

172 2692 236 2745 tam
272 2685 438 2766 egregium
471 2687 701 2749 monasterium
729 2687 762 2748 in
794 2697 860 2750 tam
891 2687 1099 2750 sanctissimo
1131 2685 1202 2748 loeo
1229 2693 1280 2747 ost
1307 2686 1342 2747 iu

172 2785 423 2850 §amoenorum
446 2805 517 2851 usn.

254 2893 356 2955 Porro
384 2899 460 2954 ante
492 2891 665 2956 eoeleslarn
692 2900 844 2955 statana
865 2895 960 2956 arbor
981 2909 1099 2975 magna
1121 2902 1154 2956 et
1176 2893 1340 2976 antiquis·

171 2997 273 3078 mma,
314 3012 410 3078 qnam
445 2995 555 3060 dieunt
592 2996 696 3058 inisse
734 2995 908 3078 plantatam
941 3015 961 3058 a
993 2997 1182 3059 latissima
1201 2995 1341 3080 Virgine

174 3100 295 3180 Maria,
328 3099 403 3163 darn
432 3099 538 3165 adlrno
559 3109 649 3164 esset
676 3099 850 3182 infantula,
881 3101 943 3164 snb
965 3118 1042 3165 eura
1069 3111 1252 3183 parentum,
1285 3103 1341 3185 qni

173 3206 226 3268 hie
245 3206 279 3267 in
292 3205 355 3268 lroe
374 3205 446 3268 loeo
460 3205 634 3268 ereduntur
650 3203 831 3286 habitasse;
854 3204 928 3268 lieet
941 3205 1024 3268 enim
1036 3206 1185 3269 Joaolrim
1200 3215 1233 3268 et
1243 3206 1341 3270 Anne

175 3309 284 3372 multis
291 3311 385 3372 annis
396 3308 564 3392 deguerint
574 3310 898 3391 inNansretlr‚tsmen
911 3310 1042 3392 quando
1051 3308 1341 3394 beatissimaVlrgo

172 3414 279 3476 Maria
310 3415 523 3496 ooneipionda
543 3423 576 3476 et
596 3414 751 3497 parienda
772 3415 849 3497 init,
880 3417 1100 3497 migraverunt
1121 3433 1163 3477 ex
1185 3411 1341 3478 instincta

174 3497 315 3601 Spiritus
349 3515 385 3580 S.
416 3539 435 3581 a
467 3515 616 3582 Galilaea
645 3520 679 3583 iir
716 3517 875 3582 Judaeum
916 3519 950 3581 iu
990 3518 1192 3601 Jerusalem,
1230 3528 1266 3582 ut
1296 3521 1342 3584 llri

173 3621 244 3686 dies
267 3638 347 3684 suos
368 3619 557 3685 elaudorent
584 3623 618 3684 in
639 3621 702 3684 liei
723 3623 874 3706 servitio,
900 3621 996 3703 juxta
1025 3622 1178 3704 ternplum
1200 3623 1341 3707 Domini,

173 3725 381 3809 ignorantes,
403 3723 621 3809 adqnantnrn
642 3727 832 3809 mysterium
852 3725 945 3790 Deus
966 3743 1023 3790 eos
1036 3728 1117 3789 sine
1138 3728 1246 3792 iruoto
1267 3745 1342 3792 ser·-

174 3840 275 3894 vsret.
325 3830 506 3894 Venientes
536 3838 643 3893 autern
675 3846 697 3890 a
724 3827 891 3891 Nazareth
922 3831 956 3893 in
985 3831 1168 3895 Jerusalem
1197 3841 1344 3896 emerunt

174 3933 303 3998 &mura
338 3951 439 4018 prope
470 3934 623 4017 templum
654 3949 753 4016 super
786 3923 944 4016 piscinam
971 3935 1186 4018 probatieanr,
1217 3937 1250 4000 in
1277 3951 1344 4024 qna

174 4046 334 4121 mnnepls
353 4047 407 4102 est
426 4047 461 4101 et
481 4046 559 4102 nata
579 4039 678 4102 besta
703 4039 807 4122 Virgo
827 4039 948 4121 Maris,
968 4047 1108 4104 testante
1128 4037 1342 4124 Damascene,

176 4141 230 4223 qni
251 4143 302 4205 rie
324 4141 616 4226 dloittparturltar
640 4149 749 4208 autam
771 4142 874 4226 Virgo
894 4141 1000 4208 Maris
1017 4146 1051 4208 in
1073 4147 1241 4229 probatior
1260 4127 1345 4209 Jus-

177 4245 260 4308 elrim
285 4246 392 4329 domo,
414 4263 487 4310 nam
501 4237 637 4330 'pisoina
657 4249 823 4332 probatior
840 4247 935 4330 juxta
955 4259 1016 4313 est.
1049 4249 1214 4314 Suoemsu
1234 4259 1342 4313 antem

179 4354 335 4433 temporis
372 4349 625 4418 aedideavernnt
645 4351 824 4416 Christiani
856 4351 897 4414 sd
939 4352 1045 4418 loenrr
1074 4333 1170 4507 'igliur
1207 4357 1344 4416 undu
