3132 5206
281 415 387 483 agnus
420 399 527 482 attigit
562 406 624 461 etc.
675 399 803 464 Deinde
837 404 1057 467 mutavimus:
1091 401 1259 469 Christum
1288 407 1386 471 hodie
1418 410 1452 470 in

278 503 427 568 Jordaue
448 504 646 587 baptizatum
669 513 730 567 etc.
788 504 847 569 Sic
874 514 982 570 tamen
1009 507 1051 570 ad
1081 511 1236 572 verbum:
1256 510 1353 575 hodio
1387 529 1453 575 non

282 592 506 691 conterimus,
539 606 600 671 sed
622 607 694 672 loco
715 608 787 692 ejus
809 612 1029 675 cantavimus=
1062 613 1125 676 hoo
1152 613 1225 678 loco
1254 616 1286 678 in
1307 615 1454 687 Jordane

281 715 445 798 baptizato
466 713 605 778 Domino
628 720 693 777 etc.
738 711 894 779 Creditur
915 717 1018 798 anim,
1041 717 1157 781 hocin
1186 717 1258 782 loco
1278 719 1453 784 Dominum

278 820 477 902 baptizatum
490 819 593 882 luisse
606 817 798 882 alchanna.
841 819 893 884 Ad
913 829 1040 884 cautum
1051 830 1159 885 antem
1175 832 1319 896 nostrum
1337 841 1451 889 omncs

278 924 463 1008 peregrini,
494 923 550 1007 qui
576 923 775 986 dormiebant
801 923 835 986 iu
858 923 1084 1007 arundinibus,
1119 928 1251 991 excitati
1267 928 1398 992 bierunt
1416 936 1452 990 et

278 1031 487 1093 accurrarunt
516 1027 559 1092 ad
579 1045 649 1090 nos.
680 1025 760 1090 'Sed
773 1035 816 1106 ,et
833 1026 1007 1092 Sarraceni
1028 1031 1164 1094 excitati
1191 1033 1321 1096 stabant
1350 1049 1452 1115 snpra

278 1139 310 1198 'et
332 1134 483 1198 deorsum
514 1131 581 1216 [et]
616 1131 658 1194 ad
691 1147 751 1194 nos
772 1133 1000 1214 respiciebant.
1039 1133 1216 1218 Postquam
1241 1146 1348 1200 autem
1368 1155 1451 1200 can·

276 1239 418 1302 tavimns
440 1255 490 1318 aa,
512 1255 596 1322 quaa
617 1237 651 1300 in
671 1235 904 1318 processionali
924 1233 1125 1321 praescripta
1152 1249 1254 1323 erant,
1273 1242 1307 1304 in
1328 1249 1450 1304 terram

280 1343 459 1407 cecidimus
491 1350 525 1403 et
555 1357 682 1402 sacram
704 1341 865 1404 humidam
900 1343 1029 1406 humum
1064 1341 1244 1406 deosculati
1270 1363 1384 1408 snmus
1415 1355 1451 1410 et

273 1446 497 1529 indulgentias
526 1444 691 1528 plenariae
720 1445 920 1511 remissionis
950 1447 1151 1530 accepimus
1172 1448 1267 1530 (st).
1315 1450 1358 1511 itt
1383 1449 1449 1513 ali-

275 1549 429 1635 quamdiu
449 1549 484 1614 in
519 1551 664 1612 oratione
684 1550 940 1633 permansimus,
972 1553 1048 1634 quia
1079 1551 1240 1615 dominica
1272 1552 1343 1616 dies
1366 1562 1448 1637 arat,

278 1673 341 1719 uec
361 1654 498 1717 lllissam
520 1653 659 1718 audituri
679 1641 827 1740 eramus,
848 1673 912 1718 uon
934 1675 977 1720 ox
998 1656 1213 1739 negligentia,
1241 1656 1302 1720 sed
1321 1675 1362 1720 ex
1380 1637 1448 1722 ini·-¹

273 1759 502 1844 possibilitate,
524 1775 609 1845 quac
630 1758 727 1822 etiam
748 1767 884 1824 excussu
904 1776 925 1821 a
945 1769 1080 1843 peccato
1102 1761 1395 1844 transgressionis.¹

276 1949 336 2027 De
368 1947 603 2026 balneatione
633 1943 906 2050 peregrinorum
929 1945 966 2022 in
991 1945 1175 2039 Jordane,
1199 1945 1308 2022 etde
1331 1947 1446 2024 tribus

413 2077 416 2083 '
599 2066 898 2170 prohibitionibus
930 2067 987 2142 eis
1012 2067 1120 2142 datis.

360 2213 483 2280 ttinitis
512 2211 708 2274 orationibus
739 2207 948 2290 deposuimus
969 2211 1164 2272 vestimenta
1188 2217 1296 2272 nostra
1308 2253 1318 2290 ,
1349 2209 1446 2272 utin

277 2338 373 2385 sacro
397 2317 528 2392 flumine
549 2314 741 2376 lavaremur.
774 2313 848 2376 lloc
873 2331 946 2376 cnm
967 2313 1131 2376 vidissent
1157 2314 1258 2376 nostri
1282 2312 1447 2400 ductores,

277 2423 478 2488 admiserunt
505 2417 634 2502 qnidam
664 2417 834 2498 lotionem,
866 2416 927 2480 scd
946 2417 1008 2480 tria
1027 2418 1259 2501 prohibuerunt
1284 2419 1395 2482 nobis:
1417 2421 1443 2481 l.

274 2527 362 2613 quod
384 2527 493 2590 nullus
514 2522 648 2586 deberet
669 2529 873 2584 transnatare
894 2521 1036 2585 adalind
1052 2522 1160 2606 littus,
1182 2523 1222 2586 ll.
1238 2521 1445 2605 quodnullus

274 2629 335 2692 snb
348 2627 442 2711 aquis
453 2625 584 2690 deberet
595 2643 634 2688 se
648 2627 857 2710 immerger03
868 2627 927 2696 ili.
937 2625 1022 2709 quod
1039 2625 1149 2690 nullus
1165 2626 1296 2690 deberet
1314 2645 1446 2691 sumere

275 2733 318 2808 de
346 2750 431 2819 aqua
463 2732 519 2795 illa
547 2733 580 2794 in
602 2731 737 2796 vasculo
759 2730 802 2794 ad
835 2731 1026 2814 portandum
1057 2748 1168 2794 secum
1202 2749 1261 2813 per
1290 2749 1379 2794 mare
1409 2733 1445 2795 in

270 2841 388 2899 terram
409 2853 514 2907 suam.
554 2835 652 2900 ilatio
673 2837 796 2920 primae
810 2835 1032 2919 prohibitionis
1047 2833 1120 2917 tuit,
1143 2834 1219 2918 qnia
1234 2836 1444 2900 communiter

273 2949 516 3004 transnatantes
530 2940 585 3004 uel
608 2941 723 3023 aliquis
746 2940 788 3004 do
808 2944 891 3022 ipsis
913 2938 1112 3022 periclitatur
1132 2947 1164 3001 et
1186 2957 1347 3023 uunquam
1370 2960 1444 3003 om-

271 3061 333 3106 nes
362 3052 605 3107 transnatantes
643 3044 781 3127 redeunt
813 3046 886 3107 sine
912 3043 1020 3127 aliqua
1050 3045 1301 3126 perturbatione.
1344 3043 1444 3108 Ratio

211 3135 217 3149 ’
272 3145 439 3210 secundae
459 3155 523 3230 ert,
546 3147 621 3230 quia
642 3133 762 3220 lrflus
783 3144 937 3209 Jordanis
958 3154 1011 3207 ert
1032 3145 1176 3229 limosus,
1199 3157 1232 3210 et
1249 3148 1443 3212 submittens

271 3267 311 3315 aa
332 3260 444 3334 posset
466 3250 558 3334 iniigi
579 3251 657 3314 limo
678 3259 713 3314 et
734 3251 853 3312 necari
896 3250 939 3311 lit
956 3267 1029 3312 cum
1046 3249 1108 3312 hoc
1118 3252 1443 3315 venenosaebcstiac

270 3357 304 3418 in
335 3354 435 3418 fundo
468 3363 620 3438 serpunt,
652 3373 673 3417 a
700 3341 820 3439 quibus
845 3352 940 3417 bbmo
973 3361 1085 3436 posset
1112 3355 1244 3418 retineri
1280 3355 1334 3419 vel
1355 3354 1442 3419 lacdi

270 3459 327 3522 vel
350 3477 479 3524 veneno
501 3459 598 3522 inlici.
641 3459 739 3524 ilatio
768 3461 885 3522 tertiae
901 3457 1125 3541 prohibitionis
1146 3465 1214 3542 est,
1248 3461 1324 3545 quia
1345 3461 1443 3523 navi-

268 3563 358 3646 gatio
380 3563 508 3627 illenim
529 3565 660 3628 navium
683 3565 884 3646 improspera
906 3571 967 3645 est,
988 3563 1021 3625 in
1045 3563 1163 3645 quibus
1183 3582 1268 3646 aqua
1286 3563 1441 3627 Jordanis

267 3667 502 3750 transducitur,
530 3675 567 3730 ut
596 3667 759 3732 marinarii
781 3685 882 3750 saepe
902 3667 1026 3748 experti
1056 3674 1141 3728 sunt.
1184 3664 1270 3744 Quid
1291 3669 1440 3731 veritatis

264 3771 331 3852 jam
355 3770 443 3836 dicta
464 3772 605 3836 habeant
626 3769 737 3850 (tuti
758 3771 810 3849 A)
832 3772 864 3834 iu
887 3787 1043 3854 processu
1065 3770 1197 3852 patebit.
1241 3772 1344 3854 Igitur
1364 3790 1438 3835 cum

266 3874 377 3938 nudati
398 3891 557 3958 essemus,
580 3877 701 3943 flumen
722 3883 869 3938 sanetum
891 3875 1033 3957 ingressi
1055 3890 1178 3956 sumus,
1200 3882 1234 3936 et
1252 3877 1287 3937 in
1308 3876 1439 3938 nominc

266 3979 396 4043 Domini
417 3997 532 4043 sacrae
552 3979 660 4043 undae
678 3997 740 4042 uos
763 3980 989 4043 immersimus.
1033 3976 1145 4059 Aliqui
1178 3987 1284 4040 autem
1316 3977 1438 4042 milites

265 4085 344 4149 nihil
367 4083 408 4147 dc
425 4085 574 4147 omuibus
595 4084 665 4146 suis
693 4083 898 4145 vestimentis
928 4079 1168 4164 deposuerunt,
1193 4079 1255 4144 sed
1288 4083 1373 4145 sicut
1403 4083 1436 4145 in

265 4189 368 4252 asinis
382 4169 570 4269 sedebant,
610 4189 656 4248 ita
676 4189 710 4247 in
740 4203 855 4269 aquam
877 4202 915 4247 se
937 4184 1180 4266 immergebant,
1204 4183 1367 4263 dicantes,
1398 4201 1437 4247 so

249 4277 394 4380 'semper
426 4293 459 4356 iu
488 4289 554 4356 illis
584 4291 789 4354 vestimentis
814 4289 921 4371 magis
950 4287 1133 4354 fortunatos
1163 4289 1299 4360 Muros.
1341 4285 1437 4352 Unde
