3240 5222
252 445 306 510 Ad
327 445 391 538 hoo
413 445 511 508 etiarn
533 444 710 508 devenerat
731 445 869 530 malum,
891 445 975 530 qnod
996 447 1030 508 io
1052 447 1201 528 hospitali
1223 448 1259 514 S.
1277 450 1341 512 Jo-

164 552 283 616 bennis
304 569 400 614 nonno
412 549 465 611 vel
477 552 573 631 pauoi
584 553 767 627 manebant,
780 552 854 632 quia
866 551 954 612 nulia
967 551 1059 631 [eure
1070 551 1139 632 vel]
1153 553 1282 616 minima
1300 557 1339 618 eb

165 655 432 738 hospitalieribus
457 655 650 720 lovebentur
672 658 852 738 peregrini,
874 673 946 718 oum
972 664 1079 719 temen
1100 656 1163 718 boe
1181 658 1341 740 hospitate

164 760 443 842 opulentissimum
463 759 574 842 luerit3
600 779 661 823 nee
682 763 715 824 in
737 761 894 845 hospitali
909 759 1177 826 'l'beutonioornm
1206 771 1340 826 sarnotne

164 865 291 927 Mariae
312 865 420 945 pieros
441 873 522 946 erat,
544 875 577 926 et
596 865 670 934 ideo
692 868 766 930 boni
787 875 822 928 et
843 866 970 928 bonuti
992 866 1153 946 peregrini
1174 870 1340 948 cogeban-

164 977 219 1031 tur
245 969 335 1032 adire
356 967 515 1049 hospitia,
537 987 672 1052 qnorum
695 973 823 1053 patroni
845 979 938 1032 erent
958 971 1063 1050 iures,
1095 979 1255 1053 raptores,
1278 972 1338 1036 tlo-

164 1072 245 1155 losi,
264 1072 393 1159 expulsi
421 1080 454 1134 et
476 1072 706 1155 turpitudinum
728 1076 866 1157 patroni.

245 1279 377 1342 Praeter
397 1281 479 1344 haee
511 1281 572 1344 init
592 1302 650 1365 per
678 1267 882 1346 Christianos
916 1299 1036 1346 avaros
1068 1281 1222 1363 quietudo
1251 1283 1337 1345 eivi-

167 1383 243 1446 tatis
266 1392 406 1447 sanetae
428 1388 631 1468 perturbata,
654 1389 730 1472 quia
751 1388 848 1470 plene
875 1387 1147 1469 negotiationibus
1170 1385 1229 1447 luit
1251 1385 1338 1448 leole

166 1487 209 1549 de
230 1484 317 1552 omni
348 1487 475 1573 lingua,
504 1500 539 1554 et
560 1493 614 1556 ubi
636 1492 737 1556 mnltn
758 1502 809 1555 est
837 1493 1027 1574 negotiatio,
1048 1492 1092 1553 ibi
1115 1499 1148 1552 et
1169 1490 1338 1554 abundans

166 1591 344 1674 injustitia,
382 1594 470 1657 unde
499 1596 539 1658 ad
571 1597 711 1663 litteram
742 1605 867 1679 poterat
894 1596 1054 1659 Dominus
1081 1595 1338 1677 supplicantibus

166 1715 226 1778 pro
249 1697 380 1760 civitate
398 1698 506 1763 dicere
534 1699 612 1764 illud
633 1703 754 1764 derem.
776 1701 838 1764 V.:
883 1699 1028 1764 circuite
1059 1701 1133 1763 vias
1153 1699 1337 1764 Jerusalem

167 1809 203 1861 et
224 1801 361 1881 asploite
394 1814 428 1868 et
457 1804 662 1868 considerate
702 1814 735 1868 et
765 1808 911 1887 quaerite
942 1807 976 1868 in
1008 1804 1128 1886 plateis
1162 1805 1252 1886 ojus,
1294 1821 1336 1866 an

165 1905 339 1968 inveniatis
362 1907 468 1970 virum
490 1909 663 1972 facientem
690 1909 846 1990 judioinm
877 1917 910 1970 et
940 1917 1147 1993 quaerentem
1168 1908 1282 1989 iidem,
1305 1917 1338 1970 et
1449 1901 1458 1912 ‘

165 2011 327 2091 propitius
349 2030 403 2074 ero
425 2013 474 2074 eis
495 2023 557 2076 ete.
602 2013 739 2097 Propter
759 2015 842 2076 haee
863 2032 941 2095 ergo
963 2013 1121 2076 Dominus
1143 2012 1184 2074 etl
1205 2015 1337 2074 iraonu-

166 2113 250 2176 diam
272 2117 454 2178 eonoitatus
481 2125 611 2199 terram,
642 2135 740 2202 qnam
762 2117 904 2180 tulerant
926 2116 966 2178 de
988 2118 1136 2180 mantibus
1156 2116 1337 2196 impiorum,
1453 2139 1458 2145 ·

167 2235 293 2281 rursum
326 2222 470 2301 permisit
503 2222 638 2285 eandem
660 2241 773 2286 eorum
809 2222 949 2284 dominio
977 2225 1136 2303 oocupori.
1189 2221 1337 2282 Veniens

166 2323 267 2404 igitur
303 2321 479 2388 Salatliuns
507 2326 691 2390 Jerusalem
725 2327 838 2390 urbem
872 2326 988 2409 modi
1019 2328 1165 2390 exercitu
1210 2324 1337 2388 obsedit

170 2443 306 2510 eumque
327 2431 367 2490 ab
390 2429 581 2494 eooldentali
600 2440 692 2512 parte
713 2430 849 2494 vallavit
883 2440 981 2513 atque
1013 2432 1176 2496 oontiuuis
1197 2447 1337 2514 eggres-

166 2530 312 2612 sionibus
332 2534 487 2597 obsessos
508 2553 630 2598 vexere
651 2536 774 2618 eoepit,
796 2534 855 2597 sed
878 2537 1006 2598 nivibus
1027 2555 1086 2618 pro
1108 2538 1231 2600 viribus
1252 2536 1336 2598 resi-

166 2637 328 2700 stentibus
348 2639 388 2700 eb
411 2639 589 2722 aquilonari
609 2649 701 2721 parte
722 2639 776 2701 din
798 2645 961 2721 noctuque
981 2641 1145 2703 eivitatom
1164 2642 1336 2721 impugne-

166 2741 232 2820 vit,
254 2757 392 2824 eumque
414 2762 523 2808 muros
545 2746 703 2808 machinis
724 2744 942 2825 debilitasset,
965 2746 1115 2806 timentes
1137 2745 1240 2820 oives,
1262 2760 1335 2805 enm

167 2862 211 2908 ex
242 2845 330 2912 nullo
363 2848 435 2913 loeo
466 2849 717 2930 praestolaretur
755 2848 925 2928 auxilium,
968 2866 1010 2910 ne
1049 2849 1161 2911 hostes
1193 2846 1337 2909 violente

166 2952 343 3032 irruptione
371 2956 482 3018 urbem
520 2961 734 3037 ooonparent‚
773 2952 895 3034 placuit
927 2953 1061 3014 instanti
1091 2959 1125 3012 et
1159 2949 1337 3014 inevitabili

166 3057 309 3137 perionlo
331 3057 447 3122 endere
485 3069 518 3123 et
539 3061 601 3124 snb
637 3060 736 3122 oertis
757 3055 993 3121 conditionibus
1014 3073 1054 3117 se
1081 3055 1218 3119 reddere
1239 3054 1337 3118 Sala-

53 3177 61 3193 ·
167 3159 263 3244 dino,
296 3171 332 3224 ut
353 3164 479 3227 soilioet
501 3163 710 3228 redemtionis
740 3168 877 3244 aooepto
905 3161 1009 3243 pretio
1039 3161 1140 3225 libore
1171 3179 1247 3241 eos,
1281 3160 1337 3243 qni

167 3265 258 3326 exire
278 3265 455 3344 voluerint,
476 3268 568 3330 abire
588 3269 762 3350 permittat.
806 3264 981 3330 Saledinns
1000 3283 1095 3350 ergo,
1116 3269 1202 3328 siout
1223 3274 1338 3327 notura

167 3367 264 3430 homo
293 3372 367 3451 pins
396 3381 483 3455 erat,
516 3374 667 3436 misertus
707 3371 826 3454 populo
854 3370 1088 3434 eondesoendit
1120 3371 1266 3453 petitioni
1303 3377 1337 3431 et

167 3475 335 3557 omnibns,
367 3475 455 3538 nullo
476 3474 598 3550 demto,
627 3477 728 3538 vitam
755 3474 905 3557 donavit,
934 3476 996 3538 bae
1016 3473 1218 3555 conditione,
1251 3470 1337 3555 quod

167 3579 222 3658 qui
239 3595 371 3640 manere
388 3580 449 3641 snb
466 3597 526 3643 sno
543 3580 660 3642 tributo
679 3578 788 3661 vellet,
799 3579 913 3642 salvus
930 3588 1085 3660 maneret,
1097 3579 1152 3660 qni
1159 3575 1337 3658 (18η)
1388 3653 1390 3660 s

167 3689 276 3745 antem
309 3684 468 3766 emigrare
500 3683 621 3766 vellet,
654 3685 684 3748 si
704 3681 810 3746 virilis
838 3699 940 3746 sexus
971 3693 1076 3767 esset,
1111 3683 1228 3746 aetetis
1261 3683 1335 3764 plue

168 3804 265 3869 qnam
287 3786 399 3852 (leuem
421 3805 593 3870 annornm,
625 3788 770 3852 solveret
791 3786 904 3850 deoem
927 3805 1043 3850 aureos
1069 3805 1169 3868 puros
1189 3787 1336 3870 dueatos,

167 3891 297 3954 sivero
319 3892 453 3957 minoris
473 3895 606 3976 aetatis,
628 3891 772 3982 solveret
793 3891 876 3955 duos
900 3891 1051 3973 dnoatoe,
1084 3892 1236 3955 mulieres
1257 3911 1337 3954 vero

169 3994 284 4060 darent
306 3997 450 4081 quinque
472 3998 620 4062 donatos.
664 3999 707 4060 Et
726 3999 809 4062 haee
829 3996 971 4060 eonditio
992 3997 1120 4079 utrique
1141 3998 1223 4078 parti
1244 3996 1338 4080 platt-

168 4103 226 4164 nit.
270 4099 337 4165 Sed
374 4105 452 4186 qnia
480 4103 582 4166 multa
613 4101 713 4164 millia
734 4102 768 4164 in
796 4102 930 4164 civitate
957 4112 1049 4164 erant
1077 4117 1253 4184 pauperes,
1282 4102 1338 4182 qni

170 4222 233 4268 neo
254 4204 367 4270 deoern
389 4206 541 4272 derrarlor
573 4206 753 4288 hebebant,
786 4207 847 4269 bos
869 4223 981 4268 omnes
1002 4207 1144 4270 absolvit
1164 4203 1338 4269 Saladinua

170 4325 191 4370 a
212 4306 327 4376 debito,

1097 4405 1130 4464 ll
