3232 5218
162 471 319 536 sustinuit
340 478 418 535 aute
439 487 510 536 eam
532 472 745 541 incommoda.
789 471 883 536 Unde
905 472 1011 536 omnis
1025 471 1145 556 vulgus
1167 476 1335 562 clamabat,

164 588 199 641 ut
223 577 408 642 solveretur
427 577 563 662 obsidio,
585 588 617 640 et
646 579 707 640 nisi
740 575 866 662 quidem
900 577 1089 659 capitaneus
1115 579 1248 666 inisset,
1280 587 1336 668 qui

163 685 310 766 obstitit,
343 703 385 746 ue
406 684 525 747 solutio
547 683 660 765 lieret,
680 699 760 772 'com
788 682 965 764 ignominia
993 681 1080 744 facta
1112 683 1237 750 luisset.
1278 689 1337 752 Ille

163 790 249 851 anim
271 790 462 872 capitaneus
484 788 612 851 oeeutte
633 785 834 869 practicabat
862 786 1004 850 civitatis
1031 787 1240 870 proditionem
1275 795 1338 858 sibi

163 892 255 976 lieri,
285 894 370 958 sicut
399 893 549 966 attacta
581 891 651 960 fuit.
694 888 800 973 Capta
833 901 883 955 ast
915 901 1022 954 antam
1050 894 1129 957 urbs
1158 897 1223 960 ista
1250 915 1337 963 anuo

164 999 295 1063 Domini
318 999 427 1081 1098,
461 1005 494 1060 at
526 996 669 1080 ingressi
702 997 812 1058 urbem
846 1007 1053 1060 occurrentes
1086 1000 1272 1064 occidamnt
1304 1011 1337 1066 et

163 1104 294 1190 plagam
339 1103 508 1167 maximam
540 1104 573 1164 in
614 1112 654 1162 ea
686 1099 843 1165 iecerunt.
908 1102 1008 1167 Porro
1045 1104 1198 1168 alimenta
1230 1106 1264 1167 in
1297 1123 1337 1170 ea

164 1229 232 1274 neu
267 1216 376 1291 arant,
414 1208 491 1292 quia
524 1213 657 1297 prepter
695 1205 823 1286 leugam
858 1206 1066 1272 obsidionem
1090 1220 1338 1276 consumserant

165 1315 280 1378 omnia.
323 1312 406 1376 Auri
436 1321 470 1374 et
490 1311 617 1394 argenti
638 1319 670 1372 et
693 1312 831 1372 omnium
855 1310 1111 1376 desiderabilium
1135 1313 1206 1392 (B)
1227 1315 1337 1380 inlini·

165 1429 230 1482 tam
252 1419 376 1501 copiam
399 1424 596 1499 repararunt.
640 1414 705 1478 Dia
726 1425 833 1478 autem
854 1417 1036 1500 tertiapost
1058 1420 1130 1501 ejus
1155 1422 1335 1502 captionem

165 1522 356 1588 Corborrech
381 1520 522 1605 qnidam,
541 1519 692 1602 princeps
704 1521 947 1601 potentissimus
959 1524 1145 1606 Persarum,
1156 1523 1336 1588 advocatus

35 1661 40 1670 ·
164 1629 207 1692 ab
228 1626 442 1690 Antiochenis
471 1627 506 1685 in
539 1623 730 1706 adjutorium
765 1626 854 1688 venit
881 1644 955 1688 oum
991 1629 1140 1691 maximis
1168 1631 1272 1712 copiis
1303 1639 1336 1692 et

66 1721 71 1726 ⁵
165 1732 306 1816 undique
327 1732 491 1795 civitatem
512 1728 658 1791 vallavit.
705 1728 763 1792 Sic
784 1730 922 1813 populns
937 1729 1152 1816 Christianus,
1174 1735 1229 1816 qni
1250 1753 1336 1818 pau-⁶

165 1840 216 1899 eis
235 1844 312 1898 ante
331 1835 445 1898 diebus
470 1851 542 1896 eam
572 1832 742 1897 obsederat
765 1843 796 1896 et
819 1834 988 1898 obsessam
1009 1838 1072 1900 sibi
1101 1837 1335 1922 vindicaverat,

164 1941 324 2006 adulanter
359 1957 456 2002 varsa
503 1938 593 2021 vioe,
631 1939 715 2002 siout
756 1957 859 2000 rarum
898 1939 983 2002 solet
1013 1959 1090 2004 essa
1128 1943 1335 2026 vicissitudo,

165 2045 363 2110 obsidionem
402 2045 569 2106 sustinens
605 2059 704 2124 supra
739 2041 867 2105 modum
907 2044 1001 2124 gravi
1036 2044 1146 2107 inedia
1180 2045 1336 2109 molesta·
1410 2102 1423 2124 ,
1487 2099 1502 2123 ,

165 2151 262 2214 batur
298 2158 350 2212 at,
375 2147 512 2210 inclusis
546 2163 609 2208 nec
658 2146 769 2228 egredi
811 2162 873 2208 nec
903 2146 1030 2229 ingredi
1092 2148 1188 2213 alicui
1233 2151 1335 2232 licuit,

166 2263 200 2318 at
240 2255 329 2318 iacta
367 2253 428 2316 luit
468 2251 609 2315 conditio
642 2259 822 2313 nostrornm
865 2250 962 2334 longe
1002 2250 1148 2318 deterior.
1211 2255 1360 2318 'i'antus

166 2368 274 2422 autem
296 2365 365 2420 erat
387 2357 535 2421 delectus
556 2355 744 2419 victualium
767 2357 800 2418 in
823 2355 914 2438 urba,
942 2365 977 2420 ut
998 2357 1135 2441 populus
1166 2367 1336 2444 cogeretur

167 2463 209 2527 ad
230 2465 335 2546 turpia
356 2471 390 2524 et
408 2463 585 2526 inhumana
605 2460 780 2543 declinare,
802 2479 867 2524 nou
889 2472 958 2526 erat
979 2463 1110 2527 inascis
1132 2465 1228 2528 etiam
1249 2463 1335 2546 apud

168 2566 325 2630 delicatos
347 2563 537 2646 differentia,
559 2583 621 2628 neo
639 2574 707 2628 erat
729 2566 916 2630 mundorum
939 2568 979 2631 ab
1011 2568 1185 2632 immundis
1219 2569 1335 2654 legalis

168 2671 340 2735 distinctio.
384 2669 470 2748 Quid
492 2670 594 2753 plura.
642 2670 829 2753 camum,
856 2672 984 2756 asinos,
1017 2691 1142 2757 mores,
1177 2672 1281 2735 mulos
1303 2680 1336 2734 at

167 2776 333 2840 immunda
353 2776 526 2860 qrraalibet,
549 2779 679 2860 quoties
692 2776 828 2841 dabatur
848 2795 890 2839 ex
908 2777 960 2840 his
975 2778 1106 2860 habere,
1127 2796 1186 2859 pro
1200 2777 1336 2839 summis

166 2885 360 2965 reputabant
380 2880 514 2962 deliciis,
536 2889 569 2943 et
590 2901 648 2964 pro
670 2879 856 2963 hujusmodi
890 2879 1073 2963 habendis,'
1096 2880 1182 2963 quod
1215 2881 1336 2944 intueri

166 2985 350 3049 miserabile
371 2993 436 3066 est,
459 2987 637 3049 transibant
664 2985 817 3048 demissis
845 2983 989 3048 vultibus
996 3029 1006 3065 ‚
1038 2977 1250 3048 mendicando
1278 3003 1337 3068 per

167 3091 262 3153 moos
285 3099 317 3150 at
334 3088 471 3172 plateas,
493 3090 615 3152 robusti
635 3098 668 3152 at
689 3088 815 3151 nobiles
838 3087 922 3149 inter
942 3087 1095 3169 plebeios.
1138 3052 1215 3152 N&
1228 3088 1338 3171 aliqua

169 3194 312 3257 continet
330 3193 466 3256 historia
488 3201 596 3256 tantos
623 3194 804 3277 principes,
839 3199 960 3255 tantum
994 3193 1180 3276 exereitum,
1213 3202 1337 3257 tautum

167 3297 339 3382 deiectum,
362 3307 395 3361 et
415 3305 480 3360 tam
503 3298 667 3380 patienter
687 3298 805 3362 tulisse
827 3297 1001 3360 molestias.
1045 3299 1130 3360 Dum
1164 3297 1261 3381 igitur
1288 3299 1338 3360 sin

167 3403 371 3486 affligeretur
392 3402 531 3488 populus
546 3399 680 3484 Christi,
702 3401 782 3466 vidit
802 3401 961 3466 Dominus
981 3401 1192 3466 afflictionem
1211 3403 1337 3466 iliorum
1364 3433 1365 3438 κ

167 3517 201 3571 et
222 3508 474 3572 consolationem
495 3505 671 3588 jucundam
692 3506 831 3570 immisit.
875 3509 955 3570 Erat
980 3508 1014 3570 in
1035 3509 1177 3571 exercitu
1207 3507 1336 3591 quidam

166 3613 219 3677 vir
235 3612 388 3696 simplex,
409 3609 508 3674 valde
528 3611 668 3676 devotus
690 3619 803 3674 sancto
820 3610 973 3674 Andreae
989 3612 1164 3694 Apostolo,
1187 3613 1240 3674 oni
1261 3611 1339 3675 dor·

166 3718 279 3781 mianti
307 3715 434 3800 apernit
461 3717 574 3780 beatus
603 3716 755 3780 Andreas
788 3713 922 3800 dicans,
953 3717 1100 3779 inimicos
1132 3716 1205 3778 illes
1233 3716 1339 3799 iugari

166 3839 232 3884 nou
254 3837 354 3905 posse
374 3821 437 3886 uisi
459 3839 532 3886 cum
554 3821 687 3903 lancea,
709 3839 774 3903 qua
795 3820 992 3903 periuratum
1013 3821 1073 3884 luit
1105 3820 1189 3883 latus
1209 3819 1340 3885 Domini

166 3925 250 3988 Jasu
267 3927 301 3988 in
323 3943 431 4010 eruce,
454 3937 488 3990 et
510 3928 611 3990 certis
633 3925 761 3988 indiciis
783 3924 925 3988 ostendit
944 3924 1123 4007 Apostolus
1138 3944 1198 3989 sno
1221 3925 1339 3990 davoto

168 4029 273 4094 iocum
296 4031 330 4093 in
355 4031 497 4094 ecelesia
517 4031 604 4094 beati
626 4027 725 4113 Patri,
746 4031 801 4094 ubi
823 4030 937 4092 iancea
958 4028 1014 4092 iila
1033 4040 1148 4093 saneta
1168 4035 1229 4094 sub
1253 4041 1340 4094 terra

166 4131 294 4214 jacuit.v
342 4138 441 4198 Mane
465 4136 606 4198 surrexit
637 4137 731 4216 homo
758 4143 798 4197 'at
819 4135 981 4218 episcopis
1016 4143 1113 4218 atque
1139 4135 1340 4218 principibus

171 4238 329 4302 visionem
350 4239 531 4321 enarravit;
553 4238 595 4302 ad
618 4239 723 4304 locum
743 4258 822 4322 argo
845 4245 1134 4324 praemonstratum
1169 4255 1341 4322 procusa-

174 4351 249 4404 rnnt
270 4351 303 4406 at
326 4343 558 4428 aliquantulum
579 4344 614 4407 in
624 4347 723 4409 altum
740 4343 861 4407 effossa
876 4352 962 4406 tarra
982 4340 1127 4406 leneearn¹
1145 4352 1340 4426 repererunt,

1076 4440 1133 4498 17*
