3132 5206
720 298 761 368 te

148 479 195 550 sti
216 477 288 550 loos
310 491 425 548 nostre
444 481 656 548 trsnstvimns
676 482 719 548 sti
740 479 1000 556 mmdeosnttum
1022 493 1055 548 et
1077 481 1317 566 quiescentium.

146 589 312 654 illuvies
347 605 413 652 non
441 587 577 652 ascendi
607 605 682 654 enm
714 587 866 651 iratribus
894 583 936 648 sti
966 592 1108 650 montem
1128 585 1231 671 syon,
1258 588 1318 653 sed

147 687 286 778 rngstm
309 692 488 757 niominis
509 693 591 758 mds
619 693 758 760 novellis
779 690 944 774 militibus,
964 697 1004 752 ut
1023 707 1097 753 eum
1118 691 1169 754 eis
1189 690 1245 756 illo
1267 693 1320 758 die

146 803 185 864 in
205 797 359 882 hospitati
380 815 543 860 manerem
565 805 599 861 et
618 797 1023 883 sliquemsermouempro
1041 795 1319 860 commendatione

146 903 275 968 militae
295 919 411 966 seerse
432 903 481 966 eis
502 903 655 986 ieoercm,
670 901 757 987 quod
779 910 812 965 et
832 899 896 964 ieci
916 901 950 962 in
974 899 1061 964 huno
1081 898 1222 982 modum,
1242 900 1319 966 licet

146 1011 280 1092 vnlgsri
292 1008 496 1090 ettentonico
507 1025 667 1091 sermone,
689 1025 762 1070 eum
780 1005 881 1070 lstino
896 1019 1046 1068 sermone
1062 1006 1169 1088 ignari
1187 1004 1317 1089 inerint,

148 1113 232 1176 dnm
252 1111 300 1176 illi
322 1111 517 1177 mines.

146 1339 378 1426 Exhortatio
411 1339 576 1436 militum,
616 1351 656 1418 ut
688 1349 936 1442 exsequantur
972 1365 1036 1434 ea,
1069 1341 1117 1418 ad
1151 1364 1244 1442 quae
1278 1363 1321 1418 ee

189 1460 443 1559 obligaverunt
466 1457 503 1532 in
529 1464 762 1566 susceptione
784 1462 932 1538 militiae
956 1462 993 1536 in
1015 1461 1055 1540 S.
1083 1463 1288 1565 sepulchro.
1314 1573 1320 1586 ι
1411 1551 1417 1564 .

230 1642 334 1706 zelus
356 1635 538 1704 dovotionis
561 1649 595 1704 et
613 1642 678 1706 llel
699 1643 810 1726 magni
830 1644 965 1727 amoris,
986 1643 1109 1706 milites
1133 1641 1265 1725 optimi,
1287 1641 1321 1705 in

148 1749 253 1812 vobis
284 1746 432 1828 spiritum
459 1747 629 1825 excitavit,
667 1765 731 1831 qno
761 1757 923 1832 tanquam
951 1753 1015 1813 virt
1048 1748 1243 1832 magnanimi
1272 1743 1322 1810 sio

148 1853 264 1916 allecti
284 1851 366 1914 estis
387 1847 429 1913 etl
450 1851 607 1935 obsequis
620 1850 837 1936 Redemtoris,
856 1863 893 1917 ut
914 1852 1010 1918 vobis
1032 1853 1224 1917 delectabile
1243 1858 1322 1934 put-

148 1959 265 2040 aretis,
304 1954 391 2018 velle
412 1973 480 2018 rem
510 1957 670 2038 proprium
707 1975 869 2040 exponere
900 1957 1057 2022 derelicto
1089 1955 1160 2020 solo
1195 1955 1322 2020 -uetalis

148 2063 317 2144 regionis,
345 2069 540 2143 quaerentes
572 2060 633 2125 hus
664 2057 854 2145 peregrines
883 2070 917 2125 et
942 2071 1086 2146 seuetss,
1118 2063 1172 2145 pio
1191 2059 1321 2144 quidem

150 2168 233 2230 moti
253 2164 438 2250 proposito,
470 2169 507 2223 ut
527 2161 652 2225 scilieet
678 2157 749 2228 loo's
775 2167 857 2228 heco
882 2165 1093 2230 eeneossime
1125 2173 1325 2228 venerantes

149 2267 423 2334 deoscularemini
456 2271 491 2328 et
511 2264 730 2348 indulgentius
758 2271 926 2334 consecuti
948 2267 1082 2331 milities
1110 2267 1324 2331 moramentis
1404 2341 1422 2363 ῃ

151 2371 424 2453 iniormeremiui,
456 2370 490 2432 in
518 2386 583 2452 que
609 2387 705 2435 sacre
729 2374 842 2438 militie
875 2373 1048 2458 usquead
1081 2381 1214 2436 mortem
1237 2371 1326 2436 fideli

153 2479 332 2543 certamine
362 2483 476 2539 eontra
505 2473 617 2538 hostes
637 2475 713 2540 fltlei
734 2486 767 2541 et
799 2481 908 2544 erneis
931 2479 1075 2542 aemulos
1105 2487 1137 2541 et
1165 2477 1326 2543 eoelesise
1387 2455 1394 2472 ’

150 2585 217 2648 liei
234 2569 384 2646 inimicos
402 2579 614 2647 laetaremini.
659 2583 695 2646 ln
717 2584 780 2648 litto
799 2587 912 2670 iisque
933 2587 987 2668 pie
1007 2593 1120 2648 vestre
1134 2583 1325 2664 intentione,

151 2707 272 2774 precor
293 2695 328 2750 ct
347 2686 478 2768 hortor,
510 2692 736 2767 perseverate,
766 2695 799 2748 et
820 2692 945 2752 enimes
977 2696 1127 2771 vestras,
1155 2705 1238 2770 ques
1261 2703 1327 2769 pro

151 2793 289 2858 militine
309 2792 542 2857 messentieno
561 2791 596 2853 iu
618 2789 787 2872 multiplici
808 2793 954 2875 periculo
974 2791 1145 2874 posuistis,
1168 2807 1255 2852 nune
1284 2789 1326 2852 sd

152 2897 398 2962 exsecutionem
433 2893 505 2976 elus
534 2893 672 2958 viriliter
697 2896 863 2959 extendite
897 2905 931 2959 et
964 2894 1111 2978 singule,
1136 2910 1221 2976 queo
1246 2911 1328 2976 spo-

153 3001 336 3086 spondistls
368 3000 410 3062 iu
448 2999 581 3061 mitittee
614 3003 840 3085 susceptione,
877 3003 957 3064 totis
994 3001 1118 3063 virilu
1151 2995 1328 3080 adimplete

155 3107 328 3188 conemini,
350 3111 383 3167 et
404 3105 466 3167 loc
487 3103 601 3186 spiritu
624 3106 741 3168 mentis
762 3114 895 3170 vestrae
915 3106 1115 3168 renovemini
1137 3102 1179 3165 (le
1210 3102 1262 3165 (lie
1292 3101 1327 3164 in

155 3211 253 3295 diem,
273 3219 451 3292 utsemper
460 3208 563 3273 induti
585 3225 672 3272 novo
691 3209 830 3293 homine,
851 3211 908 3294 qui
922 3209 1100 3274 secuudum
1109 3209 1214 3272 Deum
1232 3223 1327 3272 ores-

156 3327 211 3381 tus
224 3323 294 3398 cst,
314 3314 548 3398 protecti-sitis
569 3322 732 3377 armature
742 3315 816 3398 Dei,
837 3332 901 3398 qus
912 3310 1044 3398 possitis
1063 3323 1152 3379 stare
1168 3313 1328 3377 adversus

154 3419 293 3484 insidias
315 3418 444 3487 dioboli.
486 3415 728 3504 Accendantur,
750 3439 817 3504 ore,
838 3430 874 3484 nt
894 3422 999 3504 ignis,
1020 3420 1119 3485 corde
1140 3429 1254 3484 vestro
1284 3418 1329 3481 sd

156 3522 329 3588 selendum
352 3523 401 3606 es',
434 3541 521 3607 quae
539 3521 602 3585 liei
631 3519 724 3606 sunt,
750 3527 924 3609 proecipuo
956 3535 1064 3588 temen
1096 3523 1138 3587 etl
1176 3522 1328 3587 dominici
1390 3574 1396 3585 .

156 3627 322 3712 sepulchri
342 3635 377 3690 et
397 3633 507 3690 terrae
527 3626 626 3709 hujus
644 3635 779 3692 sanctes
799 3631 1049 3694 necessitatibus
1064 3628 1328 3710 succurrendum,
1466 3669 1478 3688 .

157 3742 191 3796 et
215 3729 356 3796 effectus
376 3733 482 3795 suetis
510 3733 583 3814 pise
605 3731 873 3796 considerationis
904 3734 1072 3798 ardoribus
1103 3735 1330 3815 inflammetur,

156 3847 191 3900 et
211 3836 273 3900 sub
289 3854 348 3919 spe
366 3835 520 3900 scelestis
541 3835 652 3898 suxttit
664 3836 820 3919 proelium
837 3838 966 3906 Domini
986 3838 1151 3922 proeliste.
1194 3839 1329 3902 Accen-
1363 3822 1398 3869 '¹

158 3941 255 4004 detur
273 3957 359 4004 unus
383 3941 521 4025 quisque
541 3939 650 4024 gladie
666 3957 726 4004 suo
747 3943 972 4023 potentissimo
996 3961 1095 4028 super
1116 3945 1220 4008 femur
1235 3959 1328 4008 suum
1380 3924 1386 3939 ¹

157 4046 198 4110 stl
226 4041 433 4109 ulciscendas
457 4041 521 4109 Dei
552 4045 698 4128 injurius.
741 4047 811 4130 liu,
843 4047 956 4112 videtu
999 4051 1034 4112 in
1075 4050 1344 4144 praesentiarum⁸

158 4149 243 4214 oculi
265 4150 379 4232 vestri,
401 4149 488 4234 qued
507 4149 675 4233 preeolsrs
701 4152 804 4217 nostri
829 4151 1012 4218 Salvatoris
1033 4153 1229 4238 haeredites,
1250 4153 1331 4236 proh

160 4251 267 4322 tlolorl
288 4271 389 4319 verse
409 4263 462 4322 est
481 4256 515 4318 in
535 4257 678 4341 elienos3
700 4265 732 4321 et
746 4256 838 4324 loeus
852 4257 909 4322 ille
922 4260 1161 4343 sanctissimus,
1181 4259 1235 4322 ubi
1248 4255 1331 4320 coeit

160 4359 273 4446 regem
294 4357 577 4446 Virgopnerpers
596 4361 719 4445 geom,
744 4361 836 4428 loeus
866 4361 1071 4431 lledemterts
1091 4363 1193 4427 nostri
1210 4359 1332 4445 pretio-
1378 4452 1391 4475 δ
1470 4332 1484 4356 '
