3212 5206
328 449 413 512 siout
435 447 522 511 Esoi.
540 440 712 508 xxxvn.
736 421 829 506 dieit':
862 441 1029 505 llxnltabit
1049 441 1189 508 solitudo
1207 454 1240 507 et
1257 443 1382 509 ilorebit
1400 449 1500 529 qumi

327 555 447 634 lilium,
469 554 503 613 in
524 549 665 614 advento
686 547 812 612 soiliost
840 547 1008 616 oultorum.
1051 546 1109 610 Sio
1130 549 1292 632 prinoipes
1313 559 1347 614 ot
1371 550 1499 616 divites

326 659 498 723 aedificant
527 654 739 737 solitudines,
768 653 844 717 Jolt.
869 670 896 714 o.
918 652 961 736 ἃ,
983 651 1059 735 quia
1084 653 1156 716 loea
1186 652 1316 717 deserta
1337 654 1500 720 onltivant

324 774 358 828 et
379 761 509 827 novalia
528 767 660 843 novant,
679 761 766 822 siout
785 758 950 841 praesepii
969 755 1137 840 Dominus,
1158 757 1322 822 ieremias
1341 763 1395 828 t:
1417 761 1497 824 No-

322 877 400 932 vate
421 867 515 930 vobis
544 858 678 929 novale.¹
714 862 773 926 Sto
793 863 917 926 Josuae
937 860 983 926 17.
1007 864 1174 944 proecepit
1194 863 1271 927 liliis
1290 864 1433 948 ioseph,
1454 873 1497 928 ut

322 971 538 1036 ascenderent
567 977 693 1032 montes
714 967 855 1032 inoultos
876 976 911 1029 at
931 965 1096 1048 desertos,
1117 965 1199 1048 (ΩΙ
1208 969 1255 1050 a)
1278 979 1311 1032 et
1337 969 1497 1035 suooide-

322 1088 394 1142 rent
424 1078 556 1140 arbores
596 1083 628 1135 et
663 1071 765 1136 looum
799 1081 973 1155 purgarent
1010 1080 1043 1134 ot
1073 1075 1179 1156 spatia
1209 1072 1250 1137 ad
1282 1074 1495 1140 habitandum

320 1185 478 1248 iacerent.
520 1178 634 1262 Spatia
664 1180 759 1241 etiam
783 1185 813 1239 et
837 1177 925 1260 loeo,
947 1178 981 1240 in
1003 1177 1120 1259 quibus
1142 1177 1215 1242 olim
1245 1187 1336 1242 erant
1357 1181 1495 1243 habita-

319 1291 428 1351 tiones
468 1291 503 1347 et
534 1300 610 1345 asse
633 1281 816 1363 desierunt,
844 1282 975 1345 deserta
996 1281 1163 1364 dicuntur,
1192 1284 1277 1347 siout
1307 1283 1495 1348 Nelremias

317 1393 350 1455 Ξ.
374 1391 416 1454 de
444 1396 561 1452 saneta
582 1387 734 1467 civitate,
762 1405 847 1470 quaa
869 1395 946 1450 tuno
967 1386 1084 1450 civitas
1106 1405 1170 1449 non
1192 1397 1276 1450 erat:
1302 1387 1492 1453 Jerusalem

317 1495 447 1560 deserto
468 1502 530 1562 ost.
573 1492 615 1554 Et
646 1492 766 1554 Esaiae
788 1492 836 1554 i.:
880 1485 980 1553 ‘l'erra
1015 1499 1126 1554 vestra
1157 1490 1301 1574 deserta,
1333 1493 1492 1558 eivitates

317 1600 510 1664 destructae.
553 1595 598 1658 lit
619 1596 682 1658 hoe
704 1594 893 1679 plerumque
914 1596 1071 1678 eontingit
1096 1604 1226 1678 proptor
1244 1595 1406 1660 hominum
1428 1600 1488 1660 in-

315 1704 527 1770 habitantium
549 1707 695 1786 pooeata.
739 1700 834 1764 Unde
851 1699 1023 1791 'Psalmusa
1054 1699 1169 1765 Posuit
1189 1709 1306 1765 terram
1336 1702 1491 1766 imetiie-

262 1885 264 1894 .
314 1827 382 1873 ram
405 1809 438 1871 iu
459 1807 658 1891 salsuginem
679 1825 699 1868 a
720 1805 841 1869 malitia
861 1805 1109 1869 inhabitantium
1134 1807 1167 1869 in
1189 1823 1237 1868 ea.
1279 1805 1374 1870 Unde
1393 1808 1488 1871 llat-

314 1912 496 1992 thaeitti:
537 1913 643 1995 ileos,
665 1911 854 1995 relinquitur
875 1909 969 1973 vobis
991 1910 1105 1974 domus
1127 1918 1238 1974 vostra
1258 1910 1396 1975 deserta.
1438 1914 1487 1976 Et

313 2018 482 2082 Psalmos:
505 2017 578 2080 sin
600 2017 752 2081 habitatio
775 2033 883 2080 eorum
906 2013 1043 2079 deserto.

399 2121 551 2186 Secundo
574 2119 667 2185 modo
690 2121 852 2186 desertum
873 2119 988 2184 dieitur
1008 2121 1100 2185 loous
1127 2122 1230 2186 solum
1249 2141 1296 2186 ex
1319 2141 1373 2205 eo,
1405 2123 1485 2206 qnia

315 2229 360 2291 lbi
382 2246 446 2291 non
468 2237 519 2290 est
537 2227 691 2289 habitatio
712 2227 887 2307 homiuum,
910 2225 986 2288 lieet
1005 2227 1051 2289 ibi
1071 2229 1139 2290 sint
1160 2229 1354 2311 boniagri,
1377 2235 1483 2310 prata,

312 2349 453 2416 pasena,
485 2331 665 2414 pomoeria,
697 2332 783 2392 siout
813 2330 858 2393 tii
888 2329 1001 2392 Iruoao
1024 2328 1091 2395 12:
1132 2329 1275 2394 Dimittit
1306 2334 1483 2416 nonaginta

311 2439 429 2499 novem
452 2453 534 2498 oves
556 2435 589 2497 in
611 2433 757 2516 deserto,
787 2435 807 2496 i.
831 2454 859 2497 o.
882 2435 915 2498 in
937 2435 1008 2497 looo
1029 2451 1179 2517 passm
1221 2436 1265 2499 lit
1288 2437 1394 2500 Exodi
1423 2437 1476 2498 lli.

311 2540 446 2602 minavit
476 2539 613 2622 Moyses
656 2556 790 2622 gregem
826 2538 867 2602 ad
896 2539 1047 2602 interiora
1071 2539 1207 2623 deserti,
1239 2543 1311 2604 aive
1332 2541 1373 2605 ad
1404 2542 1481 2623 piu·

310 2647 422 2729 guiora
453 2662 586 2728 pasoua.
636 2642 687 2706 lle
715 2643 771 2706 toli
794 2643 923 2708 deserto
957 2643 1072 2707 dieitur
1099 2644 1220 2708 Esaiae
1240 2647 1312 2714 tn:
1354 2644 1478 2707 Ponam

309 2749 472 2814 dmartum
494 2748 575 2831 ejus,
591 2747 649 2812 sol.
673 2757 778 2811 terrae
790 2759 934 2830 sanetae,
956 2748 1203 2832 quasldelieiaa
1220 2758 1252 2812 ot
1272 2747 1479 2813 solitudinem

309 2855 381 2938 eJns
420 2857 513 2940 quasi
547 2855 672 2917 lrortum
706 2853 844 2917 Domini.
896 2853 1006 2917 'lertio
1038 2853 1133 2918 modo
1168 2854 1330 2918 desertum
1361 2853 1478 2917 dieitur

309 2959 401 3025 loeus
422 2961 585 3025 silvestris
606 2959 661 3022 vel
681 2959 890 3041 oampestris‚
922 2976 1112 3022 nemorosus
1132 2959 1185 3021 vel
1206 2976 1349 3041 naeuus,
1380 2976 1477 3041 quom

309 3064 456 3127 hominos
484 3082 548 3126 non
581 3063 742 3144 incolunt,
776 3064 809 3124 in
839 3082 903 3146 quo
935 3064 1065 3146 leones,
1102 3066 1185 3147 ursi,
1213 3065 1321 3141 eervi,
1354 3065 1422 3146 lupi
1443 3070 1477 3125 ot

306 3176 457 3230 eaeterae
478 3166 730 3249 fortissumum,
754 3167 838 3229 sieut
855 3168 960 3231 Marci
982 3171 1027 3233 1.:
1049 3169 1182 3251 Expulit
1203 3169 1318 3234 desum
1339 3169 1476 3252 spiritns

306 3273 340 3332 in
363 3270 544 3351 desertum,
576 3277 712 3352 eratque
744 3287 817 3333 oum
849 3271 976 3338 bestiis.
1018 3275 1055 3335 ln
1089 3293 1153 3358 quo
1184 3275 1312 3357 quidem
1345 3271 1475 3336 deserto

305 3357 371 3438 non
400 3375 545 3438 habitant
576 3373 741 3457 hominos,
780 3372 857 3437 lieet
886 3385 1023 3457 possent
1054 3379 1098 3442 ibi
1129 3380 1290 3458 habitare,
1320 3379 1397 3462 quia
1428 3377 1474 3441 lbi

305 3487 456 3541 ereaount
476 3477 616 3561 virgulta
651 3487 684 3540 et
703 3488 780 3541 sunt
812 3478 856 3542 ibi
886 3498 1009 3565 aquae,
1046 3500 1180 3565 quarum
1207 3483 1315 3567 gratia
1335 3490 1475 3565 possum

303 3583 496 3646 tintenias
520 3582 649 3665 vivere,
680 3583 766 3647 siout
794 3584 887 3648 etiam
910 3586 943 3648 in
965 3586 1094 3651 desorto
1117 3586 1286 3652 Johannis·
1302 3587 1472 3670 baptistae,

302 3695 335 3750 ot
357 3690 390 3753 in
413 3687 540 3751 deserto
563 3688 649 3762 boati
669 3686 849 3772 Jeronymi.
893 3691 944 3754 lle
965 3693 1082 3775 quibus
1108 3693 1142 3754 in
1163 3693 1267 3775 prima
1286 3699 1379 3775 parte
1399 3688 1473 3753 dio-

301 3800 368 3858 tum
391 3799 453 3856 est.
497 3790 583 3870 Quia
604 3793 667 3857 hoo
688 3804 811 3858 eertum
834 3805 901 3878 est,
923 3796 1008 3879 quod
1037 3798 1070 3860 in
1091 3813 1296 3881 quocumque
1326 3796 1397 3860 looo
1418 3792 1471 3859 loo

300 3897 355 3962 vel
376 3915 490 3982 ursus,
511 3897 608 3981 lupus
629 3907 684 3963 aut
715 3917 835 3963 nervus
858 3902 972 3962 vivere
994 3910 1118 3983 potest,
1156 3901 1223 3964 illio
1245 3901 1341 3965 etiam
1362 3907 1471 3983 potest

299 4002 396 4067 horno
421 4004 546 4087 vivere,
568 4012 601 4066 et
621 4003 676 4067 uni
697 4005 793 4068 horno
813 4013 920 4086 potest
941 4021 980 4067 se
1000 4006 1132 4089 nutrire,
1152 4008 1197 4069 ibi
1218 4015 1249 4069 et
1274 4008 1343 4070 iera
1362 4013 1470 4088 potest

300 4125 388 4175 esso.
430 4106 511 4171 =Sed
545 4109 601 4171 ubi
642 4109 712 4171 iera
746 4125 810 4170 non
843 4115 953 4191 potest
994 4127 1139 4194 manere,
1181 4129 1244 4175 neo
1283 4112 1394 4191 homo,
1436 4116 1470 4170 ot

298 4216 509 4277 econtrario.
554 4215 591 4275 ln
612 4213 676 4277 hoo
697 4220 805 4277 tamen
837 4210 1022 4279 differentia
1049 4226 1117 4298 est,
1138 4216 1226 4300 qnod
1247 4217 1374 4280 bestiae
1403 4231 1469 4276 non

298 4325 433 4382 utuntur
465 4316 508 4381 de
527 4318 726 4382 necessitate
757 4317 887 4399 igneio
915 4334 976 4382 suo
997 4323 1208 4402 nutrimento,
1229 4319 1290 4385 sod
1320 4321 1467 4384 homines
