3132 5206
11 535 17 540 -
132 491 276 560 manmit
289 491 591 578 transgressionem.
622 490 662 576 0,
685 508 781 576 quem
794 491 878 556 bene
890 502 942 556 est
953 490 1019 556 itlts
1037 493 1229 576 peregrinis,
1248 492 1306 576 qui

132 600 167 664 iu
188 599 251 663 atio
272 598 380 662 littore
399 605 488 682 sunt,
509 617 606 683 qnam
627 616 744 664 seeure
764 592 877 662 stnnt‘i
910 594 1098 662 onomius
1117 597 1219 680 Deus,
1240 614 1305 660 non

134 723 188 768 mo
207 721 332 788 quaeso
360 703 528 786 demugnt
559 711 736 787 tempestus
765 721 900 786 aquae,¹
916 720 1022 786 nque
1048 702 1222 764 ebsorbeeb
1253 719 1306 764 ure

133 809 339 892 protundum,
360 825 469 892 neque
489 816 604 890 urgent
624 826 723 890 super
744 826 797 870 me
814 815 932 891 puteus
959 825 999 872 os
1024 824 1130 871 suum.
1171 806 1216 868 Et
1243 805 1306 868 boo

134 913 222 977 dieto
248 915 358 978 erneis
383 915 479 995 signo
506 930 558 975 me
579 912 702 976 munivi
737 919 771 974 st
804 912 839 974 in
860 930 979 996 equom
999 911 1099 976 resilii
1120 906 1306 992 fortissime,

132 1019 282 1082 manibus
302 1026 342 1081 et
356 1015 494 1101 podibus
511 1016 645 1081 trahens
665 1035 725 1100 per
747 1015 886 1079 medium
907 1016 1069 1100 fluminis,
1098 1024 1131 1077 et
1150 1015 1223 1078 sine
1243 1014 1307 1076 im-

132 1123 319 1214 psdbnento
334 1122 378 1186 ad
398 1121 487 1186 atiud
509 1122 600 1186 littus
618 1123 763 1204 perveni.
806 1121 849 1183 Et
869 1123 978 1185 stetim
988 1116 1307 1200 assumtosoapuluri
1342 1145 1347 1156 ·

132 1228 244 1292 bobitu
268 1225 390 1292 ordinis
412 1228 485 1310 mei,
507 1226 674 1310 singulsre
692 1236 804 1289 votum
827 1225 909 1308 feei,
930 1223 1017 1309 quod
1038 1229 1212 1309 numquam
1235 1241 1307 1287 om-

133 1332 239 1415 piius,
257 1331 409 1417 quodie
429 1336 465 1394 in
486 1333 635 1397 humenis
656 1346 731 1407 ero,
757 1331 833 1394 volo
865 1347 917 1392 me
943 1329 1098 1413 elongare
1119 1330 1160 1394 ad
1183 1339 1305 1394 tuntum

132 1439 277 1518 spatium
307 1437 349 1500 sb
378 1437 488 1500 bebitu
509 1436 633 1500 ordinis
654 1438 734 1520 mei,
768 1437 845 1518 quie
874 1435 939 1498 ists
962 1433 1125 1517 elongatio
1146 1435 1207 1500 fuit
1227 1434 1306 1500 mitn'

133 1541 382 1625 noiestissimo,
408 1549 441 1603 et
470 1543 544 1624 ipsa
572 1541 755 1606 submersio
785 1539 997 1604 intolerabilis
1027 1540 1103 1602 mibi
1135 1537 1322 1603 videbatur.

133 1647 208 1708 sine
233 1646 364 1728 babitu,
390 1647 424 1709 in
452 1646 564 1710 babitu
591 1663 671 1710 vero
696 1645 922 1709 multominus
948 1661 1124 1710 ourassern.
1168 1643 1207 1706 st
1229 1652 1306 1706 unte

135 1739 425 1814 transnatationem
457 1750 689 1814 deliberassem
705 1759 709 1766 '
724 1757 760 1812 et
788 1749 909 1812 tectum
939 1747 1217 1831 considerassem,
1245 1765 1305 1830 pro

133 1855 225 1919 nutln
245 1875 282 1918 rs
300 1856 411 1919 mnndi
426 1864 696 1919 trousnatussem.
740 1853 818 1918 Seio
836 1856 929 1932 bene,
951 1852 1038 1937 quod
1059 1852 1220 1937 doctores,
1238 1862 1305 1917 tsm

135 1960 281 2044 ih⁰⁰i⁰gi
311 1979 407 2045 quem
431 1960 589 2043 jtrristne,
623 1958 745 2044 dieunt,
766 1957 852 2044 quod
874 1958 1047 2041 religiosus
1077 1957 1173 2022 debet
1194 1967 1305 2023 tenere
1354 2002 1364 2019 .
1418 2031 1422 2038 .

135 2065 280 2129 mim
307 2083 389 2129 ⁸⁰⁸⁰
416 2065 599 2148 “didimi‘’
632 2067 705 2130 flive
732 2067 765 2128 iu
796 2065 882 2128 teoto
913 2065 1105 2147 quieseens,
1143 2064 1209 2126 sivi
1228 2062 1305 2126 nlibi
1402 2050 1415 2069 ''

137 2171 335 2251 oonsisteus,
351 2170 416 2232 uisi
429 2170 472 2233 sit
486 2168 568 2233 uduo
583 2188 705 2254 urgens
724 2171 916 2250 necessitas,
932 2169 985 2232 vel
1002 2170 1114 2250 gravis
1127 2166 1305 2249 infirmitas,
1364 2215 1378 2247 ,

96 2313 102 2322 -
136 2285 224 2358 quae'
242 2275 385 2337 hobitum
404 2293 469 2336 non
489 2281 662 2355 pateretur.
674 2272 747 2334 XX.
769 2292 802 2361 q.
818 2275 857 2355 1.;
878 2271 959 2336 olias
982 2280 1098 2355 peoeat
1117 2269 1305 2337 mortaliter.

136 2379 179 2442 Et
212 2380 243 2441 si
274 2373 447 2461 religiosus
474 2385 597 2472 temore
628 2379 701 2441 sine
731 2378 842 2442 habito
870 2363 1026 2462 spuerent
1058 2377 1092 2440 in
1127 2383 1305 2458 conspeetu
1398 2448 1404 2457 .

137 2481 247 2564 (m
258 2483 311 2561 A)
332 2483 556 2566 menolariam,
578 2484 650 2565 ipso
673 2483 758 2546 isoto
776 2471 1139 2550 exeommunioetioneur
1160 2479 1307 2562 lmrrit,

1 2575 2 2591 ¹
136 2597 172 2650 ut
192 2590 226 2652 in
253 2607 326 2673 esp.
352 2589 549 2652 Perieuloso.
583 2596 618 2652 et
650 2607 693 2653 ne
730 2588 782 2660 de.
810 2590 865 2654 vel
896 2608 961 2653 mo.·
989 2588 1045 2657 lib.
1080 2587 1138 2650 Vl.
1183 2586 1221 2648 Ιιι
1242 2585 1306 2650 hoo
1438 2611 1441 2618 ⁴

136 2694 261 2777 grnude
281 2695 458 2778 perieulum
479 2693 577 2758 incidi
609 2694 829 2763 indeliberate.
869 2693 974 2758 Porro
1011 2691 1178 2776 praefatus
1206 2707 1305 2771 pere·
1384 2704 1395 2724 ·

137 2801 251 2882 grinus
271 2799 362 2863 sotus
379 2799 447 2881 jam
468 2801 585 2880 stabat,
607 2799 724 2880 nudus,
746 2800 861 2862 timore
880 2798 1008 2881 plenus,
1029 2795 1182 2862 turbatus
1189 2836 1199 2874 ,
1221 2791 1306 2857 faeie

137 2904 275 2987 pallida3
296 2903 423 2986 quidam
447 2910 552 2966 sutem
564 2902 764 2966 Surroeonus
781 2906 816 2964 tu
836 2921 920 2984 equo
941 2901 1017 2963 forti
1038 2896 1186 2962 escendit
1208 2894 1306 2976 longe

138 3025 268 3072 sarsum
286 3007 329 3072 ud
340 3007 459 3072 vadum
471 3006 638 3089 iordanis,
660 3015 694 3070 et
719 3006 846 3069 reduxit
868 3005 957 3068 titum
970 3003 1012 3068 ad
1027 3021 1099 3086 nos,
1120 3003 1174 3066 eui
1191 3017 1305 3065 aurora

56 3180 60 3186 ,
139 3132 205 3178 non
226 3111 386 3177 modicum
407 3112 495 3176 dedit
514 3131 573 3196 pro
599 3111 711 3195 pretio.
755 3111 843 3173 Ante
868 3127 981 3175 essum
1001 3108 1090 3173 ilium
1120 3107 1181 3170 fuit
1207 3121 1307 3190 pene·-¹

139 3221 254 3302 griuus
274 3218 330 3283 ille
351 3217 484 3302 puleber
504 3218 607 3298 faeie,
630 3217 801 3298 mustus,
823 3225 857 3279 et
876 3214 1148 3298 pressumtiosus,
1176 3219 1210 3274 et
1235 3210 1306 3274 btt-

1 3321 2 3343 ¹
139 3326 276 3407 giosns,
304 3331 337 3386 et
370 3321 481 3385 muisis
501 3321 650 3403 odiosus3
677 3320 738 3384 sed
765 3320 919 3385 reduetus
946 3319 1009 3384 tuit
1038 3320 1132 3382 nobis
1162 3315 1306 3380 totaliter

139 3429 316 3510 attentus,
338 3429 422 3492 frete
452 3424 586 3510 pallido,
621 3424 786 3508 tremulus,
823 3424 970 3509 humitis,
1002 3423 1235 3508 obsequiosus,
1270 3428 1305 3484 et

140 3537 258 3598 mansit
284 3549 413 3618 semper
443 3531 599 3614 deinoeps
621 3533 743 3615 tristis,
769 3539 805 3595 et
824 3529 920 3616 qussi
940 3528 1105 3612 dejeotus3
1126 3528 1185 3591 vix
1205 3523 1305 3590 oredo

140 3659 214 3704 eura
236 3639 354 3703 multos
375 3655 478 3702 onnes
498 3633 632 3702 vixisse

223 3745 334 3808 Alium
356 3761 468 3808 essum
489 3739 638 3826 reiorum,
659 3743 712 3807 eui
733 3743 863 3827 quidem
884 3759 951 3805 non
970 3736 1306 3821 intermeantibus
1345 3810 1358 3825 “
1396 3740 1400 3753 “

138 3850 247 3934 dignis
268 3848 392 3912 audivi.
436 3850 474 3912 in
498 3866 585 3912 auno
608 3846 803 3912 intermedio
821 3849 906 3912 inter
926 3863 1029 3910 msam
1051 3846 1187 3928 pdmurn
1208 3859 1306 3925 pere-

138 3955 352 4038 grinationem
379 3961 413 4016 et
441 3953 618 4018 weuudanr
649 3953 889 4036 navigaverunt
929 3950 972 4015 ad
1005 3959 1121 4014 terrum
1155 3955 1305 4011 saudsm

139 4059 229 4123 reniti
268 4058 395 4123 nobiles
433 4057 476 4122 de
505 4055 713 4140 Alemannis,
744 4057 874 4142 quidum
914 4064 1021 4120 sutem
1056 4055 1098 4118 de
1131 4052 1305 4136 maioribus·

123 4181 278 4249 Ιιοιιιιιιιιι
303 4181 417 4228 meum
438 4162 540 4247 duxit,
561 4163 616 4246 qui
643 4164 776 4228 emotus
801 4163 986 4247 prsesuusit
1006 4178 1100 4226 suum
1114 4157 1304 4244 perieulum,

139 4289 197 4352 per
205 4279 320 4337 ‚totum
342 4268 427 4332 enirn
447 4270 510 4332 iter
528 4267 656 4333 setsbst
677 4265 796 4350 diesne,
819 4267 905 4351 quod
927 4267 1006 4332 nibil
1027 4269 1061 4329 in
1083 4265 1140 4327 tila
1157 4261 1307 4348 peregri-

141 4375 272 4440 natione
281 4375 419 4453 timeret,
436 4373 500 4439 nisi
514 4373 702 4439 Jordauem.
746 4370 896 4457 Cumque
911 4372 954 4437 sd
964 4369 1150 4436 sommam
1157 4366 1305 4431 venient
