3132 5206
794 275 839 338 46

233 465 359 542 montes
390 453 532 518 Arabiae
567 454 701 520 minoris
726 453 922 538 pertransit,
942 457 976 518 iu
1003 471 1150 538 osupum
1170 454 1304 520 dericlro
1326 471 1406 537 uer-

124 560 136 577 '
232 562 323 628 veuit
358 569 392 624 nt
415 557 459 620 ibi
488 557 637 622 launum
669 559 771 623 maris
805 561 922 623 mortui
954 559 1095 624 illabitur
1131 569 1165 623 et
1186 561 1227 624 alr
1250 578 1289 623 eo
1310 560 1405 624 exci-

232 668 328 752 pitur.
371 662 455 729 Sunt
475 670 583 726 autem
604 662 645 725 ab
671 681 711 726 eu
737 664 829 749 luco,
860 683 924 750 quo
946 663 989 730 de
1015 665 1095 727 mari
1116 661 1285 728 Galilaeae
1305 681 1405 746 egre-

232 772 333 854 ditur,
353 768 398 832 ad
417 767 523 834 locum
545 784 668 851 usque,
709 768 766 834 ubi
789 786 878 832 mare
899 777 1056 832 munuum
1084 768 1282 853 ingreditur,
1322 768 1404 832 Vlll

232 871 347 938 dietae.
394 873 503 953 ipsum
536 879 643 936 autem
679 891 767 936 merc
800 883 962 938 mortuum
994 874 1093 936 habet
1126 876 1160 939 in
1198 870 1404 956 longltudlue

232 982 375 1063 quinque
407 975 530 1060 dietas,
561 986 596 1040 et
629 976 834 1061 conjungitur
863 978 1036 1041 houmere
1068 995 1142 1042 oum
1173 980 1285 1062 aquis,
1317 993 1404 1061 quae

227 1071 337 1147 'Exodi
357 1079 423 1144 XV
456 1089 615 1145 vocantur
646 1099 751 1165 aquae
781 1082 931 1165 Marulla,
959 1088 994 1144 at
1025 1099 1131 1166 aquae
1161 1082 1296 1146 Maratlr
1322 1080 1404 1143 mari

232 1188 327 1252 rubro
359 1184 557 1268 copulamur.
595 1186 689 1248 Mare
717 1205 795 1252 vero
826 1188 966 1250 rubrum·
987 1189 1193 1251 continuatur
1221 1203 1294 1250 cum
1316 1186 1398 1248 mari

231 1290 360 1374 Indico,
383 1287 470 1372 quod
488 1289 592 1353 allinit
613 1287 654 1351 de
672 1307 806 1356 nemun
849 1292 893 1354 llt
919 1291 973 1357 hic
993 1299 1046 1354 est
1069 1289 1227 1356 decursus
1247 1288 1404 1354 Jordauis

232 1405 266 1462 et
285 1413 348 1461 auo
367 1392 523 1478 principio
543 1393 710 1479 usquead
730 1395 827 1459 linem
851 1395 969 1480 longus
989 1395 1096 1460 valde

544 1640 605 1716 De
628 1639 863 1740 qualitatibus
886 1637 1070 1717 Jordanis.
1209 1677 1213 1684 ·

321 1821 475 1888 sardania
496 1823 605 1906 qualis
626 1823 670 1886 sit
688 1821 802 1886 videre
819 1821 887 1904 jam
906 1831 1042 1906 oportet.
1067 1822 1204 1908 Fluviuo
1224 1821 1280 1884 ille
1300 1804 1403 1884 sanc-⁵

232 1939 370 1994 tuanen
392 1935 443 1990 est
464 1927 598 1991 multum
615 1927 710 2009 latus,
727 1927 784 1990 vix
806 1928 891 1990 enim
909 1927 1081 1991 lrabetlax
1102 1917 1222 2010 passus
1236 1927 1269 1990 in
1290 1925 1402 2006 latum,

233 2042 268 2099 ot
288 2035 366 2097 licat
386 2033 430 2096 sit
451 2048 571 2114 parvus
592 2030 770 2115 latitudine,
791 2040 844 2095 eat
863 2036 973 2094 nmen
994 2030 1174 2115 profundus
1193 2029 1308 2111 valde,
1329 2029 1403 2110 sig-

232 2144 349 2204 nanter
369 2145 479 2200 teman
499 2137 533 2199 in
554 2136 629 2199 looo
651 2143 784 2200 nostrae
804 2136 1035 2218 bduoationia,
1054 2134 1187 2200 lundam
1207 2135 1305 2199 habet
1325 2150 1403 2196 aro-

232 2261 349 2308 rtusum
371 2251 403 2304 el
426 2241 533 2305 littura
554 2241 670 2324 lutosa,
693 2260 750 2323 pru
768 2249 911 2322 tempore
931 2245 1053 2306 crescit¹
1070 2249 1102 2304 et
1114 2240 1282 2322 decrescit,
1303 2255 1403 2322 prae-

52 2327 60 2344 ’
94 2427 100 2435 ¹
232 2350 328 2432 cipue
349 2356 459 2409 tamen
482 2355 627 2428 tempore
645 2347 763 2408 messis
784 2346 881 2408 tritici
899 2347 1095 2428 intumescit,
1116 2346 1179 2408 huc
1199 2351 1262 2426 est,
1276 2341 1402 2406 vernali

233 2461 398 2535 tompore,
429 2454 506 2534 quia
536 2451 571 2512 in
592 2448 798 2512 Palaestinae
827 2450 974 2532 partibus
1004 2448 1058 2512 illo
1088 2458 1231 2532 tompore
1261 2449 1401 2512 triticum

233 2565 451 2621 maturescere
485 2554 590 2636 solet,
621 2562 658 2616 ut
690 2553 828 2616 habetur
857 2554 981 2618 Josuac
1006 2554 1037 2618 3.
1089 2550 1290 2638 Quamquam
1318 2550 1401 2614 adeo

111 2690 116 2701 ·
236 2657 403 2742 redundat,
422 2657 508 2740 quod
530 2667 624 2720 extra
643 2657 771 2721 alveum
803 2675 897 2721 suum
921 2677 981 2742 per
1004 2675 1137 2740 camum
1166 2677 1205 2721 se
1231 2655 1401 2739 diffundat,

234 2765 310 2848 quia
332 2764 433 2826 mulla
457 2771 490 2826 ct
511 2763 642 2826 flumina
669 2771 702 2824 et
727 2771 885 2826 torrentes
913 2763 947 2826 iu
979 2781 1052 2826 eum
1081 2762 1249 2846 labuntur,
1279 2770 1315 2824 ut
1347 2767 1401 2822 est

234 2870 366 2954 Jabotlr,
381 2867 510 2952 fluvius,
528 2867 612 2931 ultra
634 2885 729 2951 quom
742 2867 924 2930 luctabatur
932 2867 1037 2931 Jacob
1047 2885 1119 2930 cum
1131 2867 1257 2950 augete.
1290 2864 1401 2929 llabet

235 2993 314 3058 orgo
346 2974 472 3037 alveum
501 2974 583 3036 satis
614 2971 832 3056 profundum,
867 2980 902 3036 et
923 2973 989 3036 alta
1015 2973 1134 3034 littora.
1177 2971 1293 3056 Aquae
1329 2969 1401 3052 ejus

235 3077 351 3142 dulces
373 3085 451 3141 suut
472 3084 503 3139 et
525 3075 762 3159 adnotandum
783 3076 919 3159 habiles,
944 3078 1113 3159 potissimo
1134 3079 1167 3138 in
1189 3077 1295 3139 hiemo
1316 3084 1404 3155 tems

110 3226 119 3239 .
235 3201 315 3266 pure
341 3180 478 3264 frigido,
509 3180 543 3242 iu
578 3188 702 3242 aestate
722 3189 801 3243 aunt
831 3181 929 3243 ulmis
958 3179 1103 3265 tepidae,
1127 3181 1272 3244 turbidas
1303 3179 1403 3242 habet

238 3303 354 3369 aquas,
379 3285 490 3348 uoecio
502 3284 532 3346 si
546 3301 675 3366 semper
685 3285 735 3346 sic
746 3285 822 3366 siut,
834 3283 979 3366 piscibus
986 3286 1081 3350 bonis
1090 3294 1123 3349 at
1137 3285 1284 3349 omanus
1296 3283 1402 3346 abun·

236 3389 299 3454 dat.
336 3391 472 3454 Cursum
494 3405 558 3451 uon
581 3388 678 3452 habat
707 3389 940 3474 impetuosum,
960 3390 1021 3454 sed
1041 3409 1114 3455 cum
1137 3389 1268 3454 cilentio
1297 3386 1402 3456 venit.

234 3495 456 3558 Veruntamen
477 3499 684 3557 transnatans
706 3493 808 3556 sentit
829 3495 863 3556 iu
884 3492 990 3560 medio
1012 3493 1084 3577 ejus
1098 3496 1251 3579 impetum
1269 3502 1401 3558 coutra-

234 3599 398 3664 venientia
419 3614 532 3682 aquae.

317 3703 371 3767 An
408 3713 479 3767 urtu
507 3718 568 3766 suo
599 3701 662 3764 hoc
688 3702 895 3768 acresaraa
921 3703 1060 3787 Philippi
1096 3721 1201 3788 usque
1230 3699 1271 3766 ad
1303 3699 1401 3765 duem

235 3809 333 3870 maris
355 3807 471 3871 monui
493 3807 641 3889 fereper
662 3817 790 3872 centum
812 3809 958 3872 milliaria
978 3808 1075 3872 habet
1095 3809 1137 3872 ab
1158 3817 1297 3891 utraque
1308 3813 1401 3889 parte

235 3911 319 3975 latos
346 3929 496 3994 campus,
529 3912 585 3998 qui
610 3910 688 3975 altis
727 3913 889 3976 montibus
917 3915 1136 3985 terminantur.
1199 3910 1401 3976 solitudines

181 4038 190 4051 ·
235 4025 311 4079 sunt
327 4015 423 4098 juxta
442 4015 639 4098 Jordaneru,
664 4025 700 4081 ut
730 4016 866 4085 nanatm
887 4018 984 4080 etiam
1004 4017 1124 4082 liaaiua
1146 4018 1208 4103 ta,
1228 4019 1262 4080 iu
1283 4017 1400 4100 quibus

221 4105 327 4184 'arant
348 4119 423 4184 olim
446 4121 545 4184 multa
558 4123 754 4186 monasteria
766 4128 799 4183 et
816 4120 1038 4204 religiosorum
1056 4122 1242 4205 habiticula,
1265 4139 1399 4206 quorum

233 4224 330 4289 hodie
363 4234 538 4289 cernuntur
576 4227 697 4288 minae.
758 4227 797 4287 ln
828 4223 1057 4290 solitudinibus
1095 4235 1129 4291 et
1162 4226 1399 4310 campestribus

200 4339 205 4348 ·
232 4329 386 4396 lordonis
414 4339 546 4396 currunt
572 4329 692 4394 multae
711 4330 884 4396 silvestres
906 4329 1010 4415 sorae,
1030 4341 1062 4396 et
1084 4341 1228 4417 tompore
1255 4331 1399 4396 serotino

1557 1093 1559 1138 r

1552 1685 1561 1854 n
