3232 5218
739 299 805 369 Ψ

175 497 262 563 eosq
283 497 378 563 quam
401 477 480 542 iliud
503 478 619 563 iuerat,
645 481 734 563 qnod
745 483 838 547 'litus
860 484 1065 547 destruxerat
1086 485 1119 548 in
1141 489 1353 575 areaArnae,

175 604 259 668 quae
281 602 358 646 area
377 583 433 646 illo
455 592 599 666 tempore
620 604 684 647 non
705 587 876 671 tempium,
901 603 963 649 nec
983 589 1173 672 oratorium,
1196 592 1255 655 sed
1277 596 1353 660 vul-

135 759 143 776 ,
175 691 303 774 gariurn
327 686 526 772 quorundam
549 687 768 768 habitationes
790 691 996 773 continebat,
1027 693 1113 755 omni
1134 693 1257 760 honore
1283 701 1354 780 pri-

176 802 261 856 vata.
302 792 357 855 Ad
378 793 441 856 hoc
462 809 541 874 ergo
563 792 720 874 templum
745 791 902 854 translate
931 793 995 856 tuit
1016 794 1115 860 sedes
1136 799 1290 864 antistitis
1312 803 1353 867 de

176 897 286 982 Syon,
309 903 344 960 et
362 896 470 959 clerus
492 905 525 958 et
553 899 658 959 omnis
679 897 771 960 curia
792 897 838 962 ibi
872 897 1043 962 residebat.
1088 900 1155 964 Sed
1176 911 1209 965 et
1229 907 1352 969 miran-

177 1001 251 1066 dum
274 1001 472 1084 praedictum
505 999 583 1064 folio
617 1001 825 1084 praecedenti
846 1000 890 1064 ibi
922 1013 1111 1071 renovatum
1133 1014 1184 1068 est
1210 1006 1252 1070 de
1271 1011 1350 1092 igne

93 1118 97 1122 ·
175 1123 270 1169 aacm
294 1106 450 1188 paschati.
494 1104 580 1168 Nam
604 1105 680 1176 dum
701 1107 735 1166 in
756 1103 893 1168 solemni
916 1105 969 1169 die
988 1108 1022 1170 in
1044 1109 1156 1192 vigilia
1195 1115 1343 1195 paschati

176 1212 284 1274 omnia
311 1219 422 1272 esserrt
444 1211 609 1272 exstincta
630 1209 750 1272 lumina
772 1227 830 1291 per
850 1217 954 1274 totum
977 1207 1149 1296 tempium,
1179 1215 1266 1280 claro
1286 1238 1350 1302 po-

175 1316 318 1400 puloque
350 1315 515 1379 orantibus
558 1333 636 1378 ecce
678 1315 786 1376 subito
819 1313 928 1396 tutgur
960 1314 1002 1379 de
1035 1318 1126 1381 coeio
1155 1321 1272 1384 cecidit
1314 1331 1349 1386 et
1442 1379 1452 1400 ,
1485 1370 1491 1382 .

176 1439 305 1483 cereum
326 1419 514 1500 paschalem
545 1425 580 1480 et
601 1436 715 1481 omnes
748 1417 901 1480 candelas
927 1428 962 1482 et
982 1418 1150 1503 lampades
1184 1426 1347 1496 accendit.

176 1525 249 1586 Hoc
269 1523 378 1586 autem
397 1522 576 1605 prodigium
598 1521 738 1605 singuiis
756 1523 851 1584 anuis
871 1524 906 1584 in
919 1526 1054 1587 sabbato
1071 1535 1185 1592 sancto
1203 1531 1346 1612 paschae

176 1628 295 1691 accidit
316 1629 350 1690 in
380 1627 500 1710 templo
528 1626 601 1708 iilo,
629 1636 662 1688 et
686 1625 838 1709 quamdiu
865 1630 1022 1711 apparuit,
1056 1631 1198 1696 ecclesia
1222 1635 1280 1698 ilia
1302 1641 1344 1701 ab

175 1735 316 1796 inimicis
337 1731 412 1794 fldci
432 1731 552 1793 nuliam
574 1730 721 1812 injuriam
742 1731 827 1794 tulit.
871 1733 951 1796 Erat
972 1742 1079 1798 autem
1102 1743 1182 1800 tuuc
1203 1757 1345 1804 consue·

176 1836 267 1918 tudo,
283 1844 320 1898 ut
342 1838 445 1898 omnis
466 1836 552 1918 iguis
573 1855 630 1918 per
653 1845 749 1898 totam
762 1836 1002 1919 Jerosotymam
1018 1839 1214 1905 adveniente
1229 1857 1344 1911 sancto

175 1942 335 2006 sabbatho
368 1941 644 2022 exstingueretur,
689 1959 751 2003 nec
789 1941 957 2024 quisquam
992 1942 1100 2025 eliqua
1136 1957 1207 2010 arte
1245 1950 1344 2016 alium

174 2049 283 2130 ignem
305 2036 485 2109 accendere
505 2061 606 2106 ausus
629 2043 699 2128 fuit,
721 2044 785 2106 uisi
807 2043 848 2105 de
869 2044 987 2127 templo
1006 2047 1228 2112 ministratum.
1250 2054 1345 2118 Unde

174 2151 279 2214 omnis
301 2148 438 2233 populus
460 2150 494 2210 iu
521 2147 640 2230 tempto
662 2157 695 2211 et
724 2149 758 2211 iu
780 2148 927 2212 domibus
950 2151 1125 2214 insistebat
1145 2155 1343 2222 orationihus

173 2274 233 2337 pro
262 2254 398 2317 coelesti
429 2255 522 2336 igne,
557 2252 643 2336 quod
677 2272 734 2336 pro
772 2255 952 2317 rectissimo
978 2256 1073 2337 siguo
1108 2259 1343 2340 propitiationis

175 2360 345 2423 habebant.
390 2358 439 2420 hio
461 2364 569 2419 autem
600 2356 641 2420 de
663 2359 755 2421 coelo
776 2358 869 2441 lapso
895 2377 1009 2423 omnes
1031 2360 1150 2424 lumine
1179 2363 1343 2428 accende-

173 2464 251 2525 bant
279 2460 374 2526 etad
407 2462 489 2523 atias
511 2462 668 2525 ecclesias
690 2463 788 2546 iorrge
810 2463 940 2547 lateque
964 2468 1237 2548 transmittebant,
1256 2469 1343 2532 sicin

173 2585 260 2630 nunc
282 2567 434 2650 chrysma
456 2568 697 2650 transmittitur,
725 2577 760 2630 et
779 2569 821 2631 ad
841 2567 953 2632 domos
981 2571 1075 2640 etiam
1098 2575 1242 2654 privatas
1264 2593 1342 2657 por-

174 2672 284 2736 tabant
306 2691 365 2754 per
385 2679 488 2735 totum
511 2691 629 2735 aunum
659 2673 838 2735 nutrientes
861 2693 945 2744 aum.
989 2673 1084 2753 Quod
1115 2686 1221 2740 autem
1244 2678 1341 2742 fuerit

172 2779 301 2860 signum
323 2776 456 2840 divinae
476 2775 676 2858 clementiae,
698 2784 789 2859 patet
810 2778 924 2862 ΜΒ)
947 2781 1024 2842 vitis
1045 2790 1172 2862 patrum
1194 2779 1235 2842 de
1254 2798 1339 2862 quo-

173 2881 247 2945 dam
269 2881 425 2943 monacho
457 2881 545 2944 iacto
565 2882 716 2963 probato,
748 2899 768 2944 a
797 2900 861 2964 quo
893 2883 983 2969 multi
1003 2887 1159 2947 virtutum
1191 2884 1340 2965 exempta

173 2991 379 3066 acceperuut.
431 2981 495 3061 oui
529 2986 742 3066 acquiescens
771 2975 939 3049 tentationi
968 2986 1029 3048 sub
1067 2967 1179 3069 specie
1210 2989 1340 3070 piatatis

174 3085 345 3150 descendit
371 3088 403 3150 iu
435 3088 623 3171 Aegyptum
660 3096 692 3149 at
714 3087 825 3150 incidit
854 3090 888 3149 in
913 3089 1174 3174 fornicationem
1197 3111 1239 3154 ex
1267 3092 1339 3174 ejus

173 3209 254 3256 casu
285 3191 375 3254 multi
403 3191 500 3255 valde
530 3211 588 3274 per
608 3192 798 3275 Aegyptum
830 3193 1042 3258 scandalizati
1074 3206 1151 3259 sunt
1184 3199 1339 3281 graviter,

172 3297 316 3360 'l'andem
337 3305 444 3359 autem
472 3296 513 3359 ad
535 3315 607 3360 eam
629 3316 783 3364 reversus
805 3298 847 3361 ad
868 3298 1032 3363 desertum
1054 3302 1221 3366 festinavit
1247 3311 1340 3364 etse

171 3403 275 3484 ipsum
295 3400 338 3464 ad
361 3401 574 3464 arctissimam
596 3401 744 3465 cellulam
767 3404 917 3484 reclusit,
939 3406 1058 3468 ostium
1082 3407 1251 3488 obstruxit,
1277 3423 1339 3468 nec

172 3525 363 3591 quemquam
399 3502 441 3566 ad
479 3523 518 3568 se
556 3507 683 3588 ingredi
704 3511 866 3590 permisit,
907 3508 966 3572 sed
1002 3508 1055 3571 die
1077 3519 1238 3594 noctuque
1264 3527 1344 3600 curu,

36 3630 49 3647 ·
170 3604 325 3695 lacrymis
355 3612 547 3692 precabatur
567 3611 723 3691 Mariam,
750 3613 870 3693 optime
896 3630 987 3676 suam
1010 3629 1249 3696 recognoscens
1271 3614 1337 3676 mi·

169 3719 297 3780 seriam.
340 3713 490 3797 Cumque
516 3713 636 3777 diutius
658 3732 696 3776 se
730 3713 952 3778 diversissime
973 3718 1185 3799 castigasset,
1218 3735 1338 3801 appro-

169 3823 346 3904 pinquante
375 3818 523 3901 paschali
559 3818 738 3886 festivitate
765 3835 825 3901 spe
857 3837 976 3902 magua
1003 3819 1045 3883 de
1074 3821 1181 3883 salute
1212 3838 1274 3884 sna
1295 3841 1338 3886 ex

169 3925 279 3989 divina
300 3925 403 3986 Maria
434 3905 635 3987 consolatum
656 3940 695 3984 se
716 3923 860 4005 invenit,
893 3922 979 4007 quod
1011 3923 1164 3988 delictum
1186 3927 1217 3988 ei
1248 3933 1338 3990 esset

169 4031 349 4094 remissum.
394 4029 457 4091 Die
478 4036 584 4090 autom
607 4027 748 4109 paschae
770 4028 842 4109 ipsa
863 4037 959 4092 nocte
994 4033 1242 4093 resurrectionis
1263 4030 1337 4092 tulit

169 4133 347 4216 lampadem
366 4151 504 4215 novam,
525 4140 559 4194 et
581 4131 685 4200 oleum
708 4150 747 4195 ac
768 4133 921 4214 lychnum
943 4137 1119 4217 imposuit,
1146 4151 1282 4217 eamque
1303 4135 1337 4200 iu

170 4239 327 4300 cambum
355 4255 476 4301 novum
509 4235 631 4299 locavit
668 4246 701 4299 et
733 4237 842 4321 ligneo
870 4239 1025 4319 operculo
1053 4241 1151 4320 texit,
1182 4248 1215 4301 et
1235 4256 1273 4301 se
1294 4237 1335 4301 ad

170 4343 344 4404 wedunam
358 4340 600 4405 devotissimam
618 4341 763 4424 contulit,
784 4341 913 4410 diceneo
934 4351 1027 4425 pater
1048 4340 1335 4404 misericordiarum
