3204 5216
459 193 468 214 ·
501 246 520 287 r

714 303 772 367 101

150 485 212 549 vel
250 486 353 549 asinis
390 485 462 548 siue
493 481 665 550 ius'ultihus
701 463 955 566 sarracenorum
985 484 1104 548 ducere
1142 498 1322 568 possemus.

150 590 232 654 Nisi
259 592 344 653 enim
374 589 549 674 singularis
576 589 741 671 diligentia
772 588 960 653 adhiheatur
988 592 1066 671 orgia
1098 590 1268 659 emtionem
1290 597 1333 670 et⁸

151 693 340 760 ductionem
363 695 440 776 vini,
463 713 537 757 cunr
568 711 650 776 pace
672 679 736 759 non
759 689 890 758 stabunt
909 695 1081 778 peregrini.
1271 694 1276 708 “

241 799 347 883 Νοιιο,
370 797 456 883 quod
475 799 624 881 disponat
645 797 738 862 uehis
763 805 833 860 tres
854 799 1033 882 papiliones
1055 799 1128 862 sive
1150 798 1324 880 triuperva

152 907 304 988 teutorla,
332 922 417 988 quae
436 923 495 988 per
517 903 700 968 mansiones
721 903 867 986 singulas
888 903 989 987 ligere
1004 919 1176 987 possemus
1190 903 1225 966 itt
1241 903 1322 965 locis

154 1006 278 1074 deserti
292 1017 404 1072 contra
425 1016 554 1071 aestum
575 1008 667 1075 solis.
1319 1017 1332 1037 ⁶

237 1112 388 1196 Decimo,
421 1111 507 1198 quod
527 1114 660 1198 quilibet
687 1121 830 1176 nostrum
861 1113 924 1196 ipsi
944 1111 1233 1205 'I'rutschelmauuo
1264 1125 1321 1193 pru

153 1217 250 1282 selvo
281 1217 464 1300 conductu,
492 1214 628 1282 teloneis
664 1226 699 1282 et
734 1220 881 1282 omnibus
915 1225 1014 1301 atque
1047 1217 1186 1299 siugulis
1223 1233 1329 1298 supro

154 1326 341 1387 memoratis
363 1321 476 1386 XXIII
495 1321 696 1403 persolveret
717 1322 850 1386 ducatos
857 1368 867 1403 ,
890 1321 1026 1386 mediam
1049 1320 1175 1408 quidem
1197 1330 1322 1404 partem

154 1423 303 1508 ejusdem
329 1440 476 1491 summae
502 1429 536 1489 iu
557 1426 739 1490 Jerusalem
770 1426 867 1509 daris,
895 1428 1053 1511 reliquam
1083 1446 1163 1492 vero
1186 1428 1223 1491 iu
1249 1423 1321 1490 Ga-

153 1543 243 1607 uere,
264 1536 435 1611 postquam
457 1531 503 1592 ihi
525 1529 566 1594 de
587 1531 722 1596 camelis
742 1541 776 1596 et
796 1533 870 1596 aliis
890 1548 990 1615 supra
1010 1533 1105 1598 tactis
1128 1533 1221 1616 nobie
1242 1522 1337 1621 pru:

152 1629 292 1694 vidisset
309 1633 404 1715 Juxta
425 1634 607 1700 nondictum
630 1643 664 1700 et
684 1645 828 1700 tenorem
850 1639 1086 1704 conventionis.

235 1735 424 1821 Undecimo,
453 1740 539 1824 quod
562 1749 649 1804 totus
669 1741 725 1806 illo
747 1751 934 1807 contractus
955 1740 1146 1825 Inscriptio
1168 1740 1335 1807 redactus.

150 1837 270 1921 sigillis
302 1840 425 1908 domiui
453 1845 611 1928 praelecti
640 1844 683 1909 de
711 1845 895 1912 Jerusalem
927 1856 961 1910 et
988 1847 1118 1931 majoris
1151 1843 1258 1909 Cahni
1284 1841 1324 1908 in'

153 1945 345 2011 cancellaria
369 1950 555 2032 signaretur
573 1958 607 2014 et
628 1951 812 2016 muniretur.
1256 1965 1259 1972 ’

232 2049 434 2116 Duodecimo
463 2062 495 2117 et
515 2054 648 2135 ultimo,
681 2055 787 2138 qued,
820 2053 971 2138 quamdiu
1002 2053 1145 2118 mansuri
1169 2071 1340 2118 essemus·

150 2153 186 2214 iu
202 2153 403 2240 Jerusalem,
432 2157 546 2222 liceret
568 2159 661 2223 nohis
686 2161 823 2224 circuire
843 2167 935 2222 extra
962 2161 1074 2221 urhem
1102 2166 1137 2221 et
1164 2162 1249 2239 Iprtra
1275 2157 1318 2221 ad

150 2255 224 2320 loca
244 2269 369 2346 saneta,
388 2271 422 2325 et
441 2265 528 2348 quod
548 2265 796 2331 intromitterent
817 2261 877 2327 noi
899 2264 933 2325 in
953 2263 1159 2342 Anastasim,
1188 2261 1318 2347 quando

150 2372 346 2450 peteremus,
379 2373 414 2429 et
444 2367 478 2430 iu
507 2367 594 2432 exitu
615 2375 889 2432 contrementem
910 2362 1015 2452 Syriai
1037 2365 1171 2432 duceret
1196 2385 1257 2432 uos
1282 2370 1344 2453 lu,

149 2467 339 2534 Bethlehem
360 2473 470 2557 iquue
491 2492 561 2566 per⁸
572 2471 699 2557 aliquos
728 2473 800 2538 dies
820 2491 881 2536 uos
903 2473 1078 2535 dimitteret
1098 2481 1133 2538 et
1154 2473 1194 2537 de
1214 2460 1336 2537 uoto-⁸

150 2571 256 2634 lehem
291 2575 326 2636 in
346 2576 473 2659 Ehron,
502 2577 542 2639 ad
564 2576 738 2644 videndum
767 2578 873 2642 locum
906 2575 1129 2662 plasmaiioiris
1163 2578 1253 2642 Adae
1282 2586 1317 2642 et

149 2677 338 2758 speluncam
360 2679 529 2764 duplicem.
1224 2732 1228 2741 .

233 2783 278 2846 Ili
299 2791 376 2850 suut
398 2785 524 2849 articuli
535 2784 771 2866 conventionis,
794 2802 876 2869 quos
893 2786 1141 2868 composuimus,
1165 2794 1198 2847 et
1213 2771 1314 2848 muita

149 2890 253 2974 litigia
293 2899 326 2953 et
362 2889 571 2954 difficultates
607 2889 792 2968 habuimus,
829 2897 1001 2972 atttequam
1031 2888 1209 2952 concordes
1241 2889 1314 2952 lieri

148 3012 330 3078 possemus,
350 3001 385 3058 et
406 2993 578 3058 eoncordia
600 2993 687 3056 lacta
704 2991 776 3074 fuit,
799 2991 904 3056 littere
930 2991 1043 3056 eadem
1073 2989 1130 3056 dle
1160 2992 1313 3075 sigillata,

147 3107 321 3184 antequam
346 3099 509 3183 peregrini
538 3095 716 3162 confratres
742 3096 844 3160 nostri
866 3094 1075 3180 recederent,
1094 3105 1126 3159 et
1148 3095 1229 3160 dues
1247 3097 1315 3162 du·

146 3213 241 3270 cetos
261 3223 319 3286 pro
339 3202 448 3286 sigillo
468 3203 685 3288 exposuimus.

148 3507 208 3583 De
234 3527 386 3584 recessu
415 3503 687 3608 peregrinorum
709 3532 733 3581 a
746 3505 953 3583 Jerusalem
978 3515 1017 3579 et
1040 3507 1335 3607 repatriadoue.·

229 3730 352 3797 lisdem
377 3728 447 3814 cta,
466 3730 593 3794 scilicet
619 3731 652 3794 in
673 3729 758 3794 festo
779 3737 914 3793 seuctm
935 3729 1062 3792 llIariae
1082 3731 1310 3815 Magdalenae,

146 3847 311 3902 transacta
336 3835 487 3917 meridie,
516 3843 676 3898 venerunt
703 3833 823 3901 domiui
843 3834 950 3905 Mauri
979 3842 1012 3896 et
1033 3831 1205 3900 sarraceni
1236 3855 1311 3900 curu

97 3942 119 3969 '¹
145 3942 290 4007 exercitu
311 3958 377 4004 nou
398 3919 534 4021 modico,
555 3947 591 4003 et
611 3955 723 4002 omnes
743 3940 877 4004 uiuam·
900 3952 974 4004 cum
994 3940 1097 4006 minu
1114 3940 1148 4004 in
1169 3949 1325 4022 montem,

144 4043 247 4137 Syou,
278 4055 315 4121 ut
330 4041 419 4108 dude
450 4045 640 4130 peregrinos
673 4043 824 4107 tollerent
854 4053 887 4107 et
918 4044 960 4107 ed
986 4052 1077 4108 m'are
1108 4043 1307 4109 reducerent.

143 4151 313 4214 Venerunt
332 4157 438 4212 eutem
460 4165 532 4214 cunr
554 4147 629 4238 iortl
646 4153 680 4212 et
701 4147 812 4212 vuilda
831 4165 947 4232 mmo,
973 4157 1010 4247 pt
1035 4153 1094 4215 eos
1116 4149 1157 4213 ab
1178 4147 1308 4214 insidiis

142 4251 215 4339 (B)
234 4248 440 4339 protegerent
460 4253 502 4316 iu
514 4255 579 4318 eia
624 4251 779 4320 ScIehaut
800 4257 885 4320 enim
911 4255 1049 4322 inuidiae
1077 4249 1159 4317 eese'
1175 4261 1308 4337 paratae

141 4362 321 4444 peregriuis
339 4361 374 4424 in
394 4359 459 4444 vie,
487 4358 563 4442 quie
588 4357 788 4443 dinngannn
814 4359 884 4461 jam
910 4361 973 4424 futt
999 4361 1034 4424 iu
1062 4357 1183 4443 petrIa,
1210 4373 1308 4439 pere-
