3202 5218
861 332 925 399 ota

309 517 449 604 amplius
470 514 512 580 ad
533 513 638 576 locum
659 513 914 597 peregrinantur,
933 523 969 578 ut
989 513 1056 578 dixi
1076 513 1112 577 Ρ.
1136 515 1159 580 i.
1189 511 1250 580 tot.
1271 509 1326 582 74,
1351 513 1462 594 Propter

310 625 393 687 istos
415 637 494 704 ergo
522 617 723 682 Machometi
755 621 945 703 peregrinos
985 619 1096 682 relicta
1118 617 1158 680 ad
1186 635 1316 680 morem
1343 617 1464 699 peregri-

311 729 443 792 natione
461 741 533 788 mea
555 739 627 785 cum
650 723 699 784 eis
720 725 991 808 contemplatione
1011 723 1243 807 peregrinatus
1263 727 1355 802 suni,
1378 729 1410 782 ut
1428 721 1466 782 vi·

310 829 419 894 darem
453 825 664 890 differentiam
693 831 964 911 peregrinationis
992 839 1123 891 nostrae
1154 837 1188 890 et
1218 825 1468 910 peregrinationis

310 953 437 1015 eorum,
468 949 530 996 uos
558 933 644 994 euim
671 935 917 1015 peregrinamus
944 932 985 997 ad
1007 931 1214 1017 sepulchrum
1247 932 1333 994 Jesu
1360 928 1469 1008 Christi,

311 1040 370 1104 lllii
397 1037 484 1119 Ilei,
515 1045 547 1098 et
575 1039 759 1119 quaerimus
783 1038 936 1120 reliquias
964 1049 1098 1102 sanctae
1128 1037 1332 1100 catharinae
1356 1035 1470 1116 virginis

310 1144 534 1223 castissimam
567 1141 629 1224 ipsi
658 1135 765 1204 autem
794 1143 1039 1226 peregrinantur
1060 1142 1101 1205 ed
1123 1143 1338 1226 sepulchrum
1359 1137 1472 1201 blacho-

312 1250 404 1330 metl,
433 1244 492 1310 lilii
512 1245 631 1310 diaboli
653 1255 686 1308 et
711 1257 878 1330 quaerunt,
891 1249 1025 1311 servitia
1047 1247 1331 1330 impudicissimae
1352 1241 1471 1304 Veneris

311 1351 498 1418 meretricis

308 1485 311 1490 ·
393 1453 604 1519 ldesnmeudo
625 1473 702 1538 erge
725 1455 1014 1538 peregrinationem
1032 1463 1174 1518 nostram
1197 1454 1346 1517 ulterius
1362 1463 1472 1534 procoe-

186 1577 189 1582 ·
309 1561 412 1626 suos
432 1569 467 1623 ct
489 1559 606 1622 multos
627 1558 709 1622 alios
730 1559 947 1642 Sarracenos,
978 1559 1174 1622 blachometi
1196 1559 1408 1642 peregrinos,
1426 1551 1472 1614 ob·

311 1667 387 1727 vies
416 1663 586 1728 habuimus
617 1681 676 1745 per
702 1663 793 1725 littus
825 1665 924 1724 maris
955 1664 1043 1725 rubri
1072 1663 1296 1726 ascendeutes
1328 1677 1427 1742 usquo
1450 1657 1472 1716 it

310 1767 465 1830 Arabiam
487 1765 633 1849 felicem,
656 1766 690 1829 in
712 1784 779 1850 qna
798 1766 918 1830 blecha
938 1766 979 1831 ad
1002 1785 1090 1830 oram
1113 1772 1212 1831 maris
1233 1767 1328 1831 rubri
1348 1771 1398 1826 est
1415 1761 1473 1836 titt,

311 1871 431 1934 civitas
454 1872 539 1931 bona
559 1879 591 1932 et
615 1880 727 1955 portus
749 1873 847 1936 maris
868 1891 932 1936 uon
954 1871 1141 1955 mediocris,
1175 1872 1216 1935 ad
1243 1889 1346 1956 quem
1367 1865 1474 1949 speeies

256 1972 263 1986 ”
313 1975 519 2057 aromaticae,
541 1975 643 2058 piper,
665 1976 866 2061 cariophylli,
892 1978 1039 2060 cingiber
1059 1984 1092 2038 et
1113 1975 1302 2058 hujusmodi
1324 1976 1357 2037 in
1379 1981 1475 2050 magna

313 2080 407 2163 copia
429 2078 635 2144 devehuntur
654 2090 687 2143 et
708 2081 785 2144 inde
806 2101 863 2164 per
885 2083 1075 2164 peregrinos
1097 2082 1284 2145 evehuntur
1306 2081 1341 2142 in
1362 2069 1474 2139 comodo

314 2193 347 2248 et
369 2183 536 2246 mittuntur
557 2187 653 2247 etiam
676 2189 710 2248 iu
727 2188 923 2248 Damascum
937 2184 1055 2268 Syriae
1079 2195 1113 2247 et
1134 2184 1259 2249 adalia
1280 2186 1364 2249 loca.
1387 2177 1474 2253 lbatior

314 2306 415 2374 qnare
449 2295 496 2350 tot
527 2292 716 2371 peregrinos
737 2289 934 2353 Machometi
954 2291 1068 2353 obvios
1096 2291 1289 2368 habuimus,
1322 2295 1390 2368 est,
1415 2280 1475 2365 quit

318 2411 427 2454 eorum
448 2391 605 2472 jejunium
628 2395 855 2476 inchoaverat,
877 2403 912 2457 ut
934 2404 1022 2478 patet
1044 2394 1097 2456 iol.
1120 2393 1193 2477 ⁷4„
1222 2405 1256 2458 et
1279 2396 1313 2458 in
1334 2411 1389 2472 eo,
1408 2388 1475 2448 sicul

315 2505 348 2559 et
370 2493 559 2577 Christiani,
574 2495 726 2561 libentius
746 2499 993 2583 peregrinantur
1009 2509 1041 2562 et
1058 2498 1114 2562 illo
1136 2507 1284 2584 tempore
1305 2505 1382 2560 sunt
1396 2491 1474 2554 elion

316 2601 463 2664 lervarcs
485 2599 567 2661 solis
590 2601 741 2684 mitigati.
803 2639 808 2648 ·

398 2703 499 2766 Porro
526 2704 612 2767 circa
634 2707 798 2771 meridiam
833 2709 981 2772 venimus
1004 2709 1044 2772 ad
1066 2709 1225 2794 quandam
1246 2710 1410 2794 ingentem
1427 2711 1473 2758 vl·

318 2809 397 2872 riam
419 2787 492 2871 &um
515 2809 768 2875 habitationibus
789 2813 909 2896 multis,
931 2832 1014 2897 quae
1036 2823 1107 2876 erat
1129 2815 1356 2895 diversorium,
1378 2813 1412 2868 et
1432 2803 1474 2863 io·

317 2915 424 2997 gressi
447 2915 567 2977 curiam
593 2914 762 2980 diversorii
784 2919 967 2982 invenimus
990 2937 1137 3002 magnam
1160 2921 1338 2982 cisternam
1364 2921 1393 2974 et
1412 2921 1473 2990 pro·

312 3020 447 3102 -tiosam,
466 3037 539 3082 cum
563 3023 652 3102 rotis,
673 3024 872 3105 marginibus
894 3032 925 3084 et
944 3025 1058 3086 cannis
1080 3022 1210 3105 iactam,
1223 3041 1321 3106 quam
1344 3013 1473 3082 diceltttll

318 3141 396 3186 esse
418 3123 589 3188 cisternam
612 3124 766 3205 Soldani,
789 3127 830 3190 de
851 3144 915 3210 qua
936 3128 1040 3192 boves
1062 3130 1213 3191 continue
1234 3146 1354 3211 aquam
1382 3125 1473 3182 extra·

192 3219 193 3222 '
317 3227 449 3291 habant.
494 3230 543 3292 lbi
575 3247 653 3312 crgo
685 3233 964 3313 praetereuntibus
1004 3233 1123 3295 nostris
1152 3233 1286 3296 camelis
1317 3231 1360 3295 de
1391 3215 1473 3287 aaut

319 3328 546 3394 descendimus
569 3343 603 3395 et
624 3353 738 3417 aquam
766 3344 938 3416 gustantes
971 3336 1086 3428 bibere¹
1111 3357 1174 3400 non
1203 3338 1386 3420 potuimus,
1413 3321 1474 3409 quit

318 3441 390 3497 erat
411 3434 533 3519 calida,
566 3436 704 3519 insipida
725 3447 757 3500 et
786 3438 967 3519 aliqualiter
987 3441 1096 3522 salsa,
1127 3443 1252 3504 bestias
1281 3448 1389 3503 tamen
1410 3425 1472 3490 adr·

317 3540 498 3623 quavimus.
542 3541 625 3605 Puto
654 3541 718 3604 hoc
739 3543 772 3604 iu
802 3541 874 3606 loco
895 3543 935 3605 ab
967 3547 1101 3629 antiqno
1135 3546 1237 3610 luisse
1268 3536 1472 3608 diversorium,

316 3645 393 3730 quia
422 3644 564 3731 undique
584 3645 628 3710 ibi
650 3647 724 3710 viae
746 3649 944 3710 conveniunt
963 3649 1133 3713 tendentes
1165 3654 1198 3714 iu
1220 3651 1421 3734 Aegyptum,
1449 3637 1472 3692 ὅ

317 3751 401 3814 sorte
426 3751 468 3814 ad
489 3751 554 3817 hoc
574 3749 786 3816 diversorium
809 3752 941 3816 divertit
961 3753 1108 3838 Moyses,
1130 3755 1260 3839 quande
1283 3773 1357 3818 eum
1379 3739 1473 3813 Domi·

319 3872 382 3917 nus
422 3856 555 3920 volebat
586 3859 768 3924 interlicere
805 3878 865 3941 pro
895 3878 952 3943 eo,
982 3858 1067 3942 quod
1094 3860 1195 3924 illium
1223 3879 1317 3924 strum
1367 3855 1473 3919 ffltenot

315 3958 456 4023 nondum
470 3961 716 4026 circumciderat
727 3971 759 4026 et
774 3964 818 4026 ibi
837 3983 909 4028 enm
931 3963 1070 4049 Siphora
1085 3964 1343 4045 circumciditur
1359 3959 1474 4026 habeb¹¹

1523 815 1527 854 l

1527 2429 1533 2590 t

314 4063 420 4127 llxodi
441 4065 501 4127 tv.
547 4064 619 4143 Quo
640 4067 713 4129 viso
740 4066 876 4132 ulterius
897 4073 1119 4150 processimus
1147 4071 1315 4154 perillum
1343 4066 1473 4130 adustio
1532 4075 1533 4156 ᾗ

252 4256 261 4272 ,
314 4187 461 4252 campum
494 4187 598 4252 usqua
637 4169 677 4233 ad
708 4170 787 4234 solla
822 4189 972 4235 oceasum
1007 4184 1040 4239 at
1067 4177 1101 4238 in
1130 4175 1201 4240 loco
1236 4177 1363 4258 campi,
1394 4174 1474 4252 quern
1532 4159 1533 4182 ¹

314 4275 519 4339 nominabant
542 4272 668 4358 Choes,
690 4277 938 4339 exoneravimns
960 4282 1085 4344 bestias
1111 4280 1152 4344 ad
1174 4279 1375 4344 manendam.
1408 4269 1472 4334 Εῐῑῑ

313 4387 422 4444 autera
446 4390 566 4445 ventus
587 4381 784 4446 fortissimus
802 4390 836 4445 et
856 4379 956 4447 durus
977 4393 1010 4446 et
1030 4381 1118 4448 nulla
1133 4386 1168 4449 vi
1186 4385 1351 4468 potuimus
1367 4379 1475 4459 en'got⁰
