3132 5206
806 181 847 246 ts

240 367 376 432 babetur
397 315 514 426 blatth.
536 359 579 443 3»,
599 361 762 426 lobannis
784 363 823 443 l.,
865 361 977 424 Lucae
992 359 1025 426 8.
1069 361 1121 425 dx
1142 363 1291 426 omnibus
1311 342 1411 448 plana

242 469 463 552 intelligimus,
486 467 592 549 lnquit
613 465 832 548 Berrrhardus,
854 464 940 549 qnod
960 466 1115 531 mentitus
1145 471 1196 530 est
1216 465 1323 549 Syma
1354 463 1410 528 ille

140 630 146 645 ,
239 575 405 658 leprosus,
438 571 493 656 qui
533 572 644 634 nescio
677 588 760 654 qnos
792 569 946 632 Damasci
985 588 1087 654 aquas
1131 572 1225 654 aquis
1256 570 1411 654 praetulit
1481 607 1485 614 -

240 677 384 760 Israelis,
416 693 490 738 cum
518 670 673 739 Jordanis
707 683 819 738 noster
847 672 966 738 devote
986 672 1057 736 Deo
1079 673 1255 739 famulatus
1289 677 1410 738 totiens

241 784 396 866 pmbatns
418 781 590 843 exstiterit.
665 806 669 818 x

320 945 388 1009 Sed
409 946 464 1010 bio
484 947 585 1010 oritur
606 945 747 1028 dubium,
769 951 946 1009 cnmtanto
964 946 1010 1009 sit
1031 947 1190 1008 sanctitas
1213 952 1246 1006 et
1267 942 1409 1026 dignitus

238 1049 412 1135 Jordanis,
445 1068 547 1134 quare
575 1069 659 1133 aqua
687 1049 743 1114 illa
763 1049 951 1131 benedicta,
974 1048 1110 1132 munda,
1136 1057 1265 1130 sancta,
1291 1047 1409 1130 duleis,

238 1156 390 1239 salubris,
411 1156 517 1218 influit
541 1156 575 1218 in
597 1174 713 1239 aquam
735 1155 949 1236 maledictam,
971 1151 1183 1236 immundam,
1205 1152 1408 1233 diabolicam,

238 1260 452 1326 salsissimam
474 1268 507 1322 et
526 1260 724 1342 pestiferam,
746 1259 873 1322 seilicet
890 1259 923 1320 in
956 1275 1045 1319 mare
1062 1266 1231 1341 mortuum,
1253 1256 1409 1320 inlocum

240 1359 500 1427 Sodomiticum‘i
522 1363 576 1425 Ad
600 1364 663 1427 boo
681 1362 810 1448 qnidam
831 1363 953 1444 dicunt,
975 1360 1061 1444 quod
1081 1361 1243 1426 Jordanes
1277 1363 1409 1447 quidem

243 1487 338 1532 suum
362 1486 491 1533 cursum
520 1467 637 1532 habeat
665 1477 779 1530 contra
809 1485 898 1531 mare
932 1476 1108 1548 mortuum,
1135 1465 1194 1530 sed
1215 1466 1344 1550 qnando
1365 1465 1410 1528 ad

241 1573 319 1637 litus
340 1573 412 1655 ejus
434 1574 597 1655 pervenit,
619 1579 737 1635 terram
770 1580 919 1654 penetrat
954 1579 986 1634 et
1013 1571 1128 1654 intrat,
1160 1579 1332 1655 autequam
1364 1568 1409 1632 ad

243 1695 332 1740 mare
352 1679 531 1759 perveniat.
575 1675 642 1740 Sed
669 1676 732 1739 hoc
752 1695 817 1740 non
839 1685 892 1738 est
912 1694 1036 1754 vemm,
1058 1676 1135 1758 quia
1155 1673 1253 1758 longo
1278 1675 1410 1738 tramite

240 1781 276 1842 in
298 1799 387 1843 mare
407 1779 554 1844 incidens
572 1780 764 1843 discernitur
789 1781 829 1842 ab
852 1797 937 1863 aqua
965 1781 1079 1860 maris,
1102 1798 1186 1862 qnae
1213 1796 1327 1842 crassa
1356 1787 1410 1862 est

240 1893 273 1946 et
294 1883 527 1968 quodammodo
550 1884 653 1967 nigra,
668 1862 730 1946 ¹illa
751 1893 857 1947 sutem
889 1883 963 1945 alba
984 1892 1017 1946 et
1038 1884 1155 1946 tenuis.
1198 1884 1265 1946 Alii
1285 1882 1408 1965 dicunt,

240 1988 326 2072 qnod
348 1989 410 2052 hoc
430 1988 502 2050 ideo
521 1987 567 2069 iit,
590 1996 625 2049 ut
647 1986 828 2051 maledictio
850 1988 935 2051 illius
957 1995 1152 2069 temperetur
1171 2007 1230 2070 per
1250 1987 1409 2050 benedic-

241 2093 360 2156 tionem
381 2094 486 2156 istius.
529 2092 597 2155 Alii
617 2111 697 2155 vero
717 2094 886 2156 sublimius
908 2095 1061 2175 sentiunt,
1084 2090 1246 2175 dicentes,
1265 2091 1350 2175 quod
1373 2093 1407 2152 iu

240 2198 304 2262 hoo
325 2198 412 2261 fecto
441 2198 521 2260 latet
542 2198 732 2279 mysterium
761 2214 931 2280 magnum:
961 2199 1111 2280 quemvis
1139 2197 1224 2259 enim
1245 2195 1416 2270 Jordaneu¹

241 2311 376 2364 sanctus
396 2304 450 2384 sit,
473 2303 549 2386 quia
567 2311 723 2365 tamense
738 2320 803 2363 non
826 2301 932 2383 erigit,
954 2300 1013 2364 sed
1027 2299 1174 2362 deorsum
1187 2302 1285 2364 currit
1296 2310 1408 2365 contra

242 2424 330 2467 mare
352 2413 529 2487 mortuum,
551 2406 710 2467 sanctitas
732 2403 803 2486 ejus
825 2405 903 2468 nihil
926 2404 956 2466 ei
977 2404 1121 2487 prodest,
1154 2407 1231 2487 quin
1251 2407 1408 2469 absorbe-

243 2518 314 2571 atur
346 2525 366 2570 a
393 2509 473 2570 mari
505 2516 630 2570 mortuo
663 2516 696 2570 et
716 2507 996 2572 maledictionibus
1025 2509 1096 2591 ejus
1122 2509 1326 2590 involvatur3
1358 2511 1408 2572 sic

241 2611 481 2696 hemechristi
503 2613 694 2695 baptismata
716 2621 926 2676 consecratus
949 2615 978 2676 si
1000 2634 1064 2677 non
1086 2615 1180 2697 erigit
1208 2632 1246 2676 se
1267 2631 1406 2694 sursum,

241 2717 301 2781 sed
321 2737 381 2800 per
402 2719 487 2780 viam
511 2718 653 2781 lubricae
685 2718 793 2779 carnis
823 2716 955 2780 festinat
975 2717 1142 2800 deorsum,
1177 2716 1304 2780 tandem
1341 2736 1406 2780 non

243 2823 393 2887 obstante
423 2824 600 2886 sanctitate
635 2821 870 2886 damnationem
906 2821 1017 2884 incidit
1051 2830 1086 2883 et
1128 2820 1408 2883 maledictionibus

244 2927 362 2990 inferni
384 2927 570 3009 involvitur,
592 2928 678 2989 sicut
699 2926 753 2988 alii
766 2925 913 2989 homines
934 2945 998 2988 non
1011 2925 1171 3008 baptizati,
1217 2925 1310 2987 Sicut
1321 2924 1406 2986 enim

243 3033 324 3092 mari
346 3039 470 3093 mortuo
492 3031 556 3093 alia
577 3031 708 3092 llumina
728 3039 760 3092 et
787 3037 947 3092 torrentes
969 3048 1031 3091 non
1065 3027 1234 3091 benedicta
1263 3026 1408 3090 incidunt

243 3140 277 3196 et
309 3132 381 3214 ejus
413 3132 667 3194 maledictionem
702 3134 912 3216 participant3
946 3137 998 3198 sio
1029 3141 1061 3197 el
1094 3134 1188 3198 hoino
1222 3133 1407 3214 baptizatus

242 3244 394 3317 peccator
415 3243 447 3296 et
469 3255 533 3299 non
551 3235 741 3299 benedictus
763 3237 877 3299 similis
899 3245 961 3300 etc.

329 3385 366 3446 ln
388 3383 470 3468 loco,
497 3387 553 3451 ubi
572 3387 712 3450 balneati
737 3403 863 3469 sumus,
896 3383 1070 3451 creduntur
1099 3387 1156 3452 lilii
1184 3385 1286 3450 lsrael
1315 3386 1407 3448 sicco

243 3485 327 3570 poda
346 3490 555 3574 transivisse,
589 3499 622 3554 st
643 3491 769 3576 Helyas
791 3499 823 3554 et
844 3491 1018 3555 Helisaeus
1039 3499 1072 3552 et
1093 3489 1244 3554 Christus
1268 3491 1313 3554 ibi
1345 3489 1408 3553 init

122 3594 128 3605 '
243 3593 445 3676 baptizatus:
468 3596 554 3659 unde
574 3597 607 3659 in
627 3597 850 3660 vetustissimo
867 3597 1005 3680 quodam
1019 3595 1213 3677 peregrinali
1230 3594 1307 3677 legi,
1319 3591 1406 3677 quod

243 3699 277 3759 in
292 3697 370 3762 looo
389 3700 553 3782 Jordanis,
573 3700 630 3763 ubi
640 3699 797 3765 Dominus
816 3703 850 3766 in
871 3701 1065 3786 aqnastetit,
1088 3699 1197 3762 stabat
1206 3699 1304 3780 longa
1315 3715 1407 3778 crux,

243 3801 284 3864 ad
312 3822 408 3887 quam
436 3807 598 3887 peregrini
636 3821 674 3866 ss
706 3815 862 3868 exuentes
892 3805 1072 3886 intrabant,
1095 3811 1128 3864 et
1156 3801 1191 3865 iu
1213 3802 1330 3884 littore,
1351 3800 1405 3864 ubl

194 3887 213 3915 ⁴
241 3905 400 3971 Dominus
415 3911 680 3972 vestimentasua
693 3908 852 3991 deposuit,
868 3907 1039 3972 aedificata
1055 3915 1124 3971 erat
1137 3924 1256 3990 magna
1267 3905 1408 3969 ecclesia
1445 3919 1448 3927 ·

243 4012 445 4096 testudinata,
458 4031 574 4075 novem
596 4014 784 4075 marmoreis
805 4012 962 4076 columnis
973 4019 1164 4076 sustentata.
1195 4010 1408 4073 Haecomnia

125 4109 135 4132 ‘
243 4114 361 4179 dudum
388 4135 447 4199 per
472 4116 626 4180 Jordanis
649 4115 895 4179 redundantium
917 4124 994 4179 sunt
1013 4115 1153 4180 abducta
1173 4123 1205 4178 et
1226 4120 1407 4193 consumta,

241 4221 307 4304 ita,
340 4219 426 4305 quod
458 4220 555 4285 hodie
591 4239 655 4284 uon
681 4228 770 4303 patet
802 4220 916 4285 horum
944 4222 1134 4303 vestigium.
1186 4219 1237 4282 Da
1262 4200 1408 4282 dordone
