3132 5206
695 265 717 327 ⁷

1 457 3 492 t
112 445 258 510 dmerins
281 453 348 528 est,
362 440 508 510 militum
528 444 699 528 ammiano
718 445 752 510 br
773 449 933 532 sunguine
948 447 1086 510 hnmano
1102 445 1288 533 christiano,

87 554 143 616 'in
164 553 334 636 eangulne
369 551 532 614 fraterno.‘
566 549 595 612 0
617 549 790 616 maledieta
810 554 926 618 militia
954 553 1035 633 ista,
1063 559 1098 613 ct
1124 549 1196 613 Deo
1217 547 1289 611 dis-

111 655 240 739 plicita!
276 654 408 738 David,
444 673 505 721 rex
530 665 681 740 sanctus,
713 677 776 722 non
809 658 871 722 tuit
902 655 1081 741 permissus
1113 655 1285 718 aedificare

112 761 270 845 templum
294 761 441 843 Domini,
460 780 518 845 eo,
532 789 535 794 ·
549 761 636 846 qnod
657 765 708 826 vir
728 762 863 828 bellator
885 764 964 846 icit,
997 770 1030 824 et
1052 760 1185 826 multum
1207 777 1288 821 san-

110 867 243 951 gninem
281 866 456 932 bumannn
491 866 590 949 fudit,
620 875 658 930 nt
679 868 815 933 babetur
846 869 875 932 1.
896 867 1003 931 Paral.
1024 868 1076 932 22.
1100 865 1206 930 ΜΒ
1247 863 1290 926 nt
1313 862 1332 885 ·“

112 979 222 1036 umen
244 979 451 1052 notnmst,
478 969 566 1063 qued
598 989 663 1035 non
685 971 798 1036 effudit
819 970 883 1038 nisi'
902 973 1093 1056 sanguinem
1117 970 1290 1033 incircum-

113 1077 258 1140 cisorum
294 1086 331 1140 et
359 1074 558 1167 infidelium,
590 1094 725 1159 qnorum
755 1080 945 1162 sangninem
972 1097 1016 1140 ex
1042 1075 1138 1158 jussu
1157 1073 1290 1166 Domini

112 1179 172 1244 Dei
195 1179 326 1244 effudit.
360 1179 397 1268 Sl
419 1199 499 1264 ergo
519 1181 732 1264 congemino
751 1181 992 1247 idololatrarum
1012 1183 1119 1246 virum
1141 1189 1290 1244 sanctum

113 1283 203 1348 illum
226 1283 432 1360 immundum
454 1282 600 1367 reddidit,
614 1285 700 1369 qnod
723 1305 788 1349 non
808 1291 914 1370 potnit
935 1287 1106 1352 aedibec're
1125 1283 1290 1368 ternplum,

113 1389 190 1471 qnid
222 1399 307 1454 tnnc
328 1390 428 1454 neiat
448 1391 584 1474 serignts
615 1390 836 1458 nobilissimus
858 1391 1115 1458 Christianorum
1137 1389 1291 1472 fidelium,
1326 1378 1363 1436 ·‘

113 1501 274 1576 quantem
296 1491 528 1558 immunditiam
560 1495 685 1560 inducit
708 1499 743 1559 ln
764 1493 866 1581 enm,
892 1500 947 1582 qni
967 1498 1041 1581 eins
1069 1495 1193 1560 effusor
1213 1487 1290 1588 esti

115 1597 238 1661 Nonne
273 1599 515 1683 coinquinatum
546 1601 679 1664 militem
713 1612 746 1666 et
777 1602 941 1668 sordidum
971 1597 1101 1668 :mult
1132 1601 1209 1666 Non
1241 1601 1292 1663 sic

116 1711 233 1766 nostra
264 1705 424 1767 innocens
457 1704 571 1768 militia
601 1708 891 1792 blercaclymitann
922 1709 1098 1774 christiano
1130 1705 1304 1789 sanguine·

116 1807 272 1892 sordida,
312 1807 377 1871 sad
404 1810 514 1891 potins
547 1812 679 1876 mundet
719 1813 871 1900 militem,
904 1821 943 1904 ut
964 1813 1171 1878 christianus
1209 1795 1290 1874 san·

117 1915 192 1993 gnis
216 1913 432 1977 defendctnrr
467 1914 642 1998 Accipiunt
663 1919 748 1985 enbn
770 1919 917 1984 militiam
941 1921 977 1982 ln
997 1917 1164 1999 loco,·nbl
1193 1918 1292 1979 inno-

117 2019 333 2084 esurimus
354 2021 489 2100 sangnis
501 2018 625 2084 Christi
647 2023 778 2088 effusus·
793 2003 845 2088 cst
865 2041 924 2108 pre
938 2023 1086 2087 omnibns
1098 2021 1291 2088 hominibus.

120 2118 195 2186 ldae
227 2124 407 2188 abhorrent
435 2140 561 2187 omnem
593 2128 765 2192 humanum
792 2130 983 2214 sangumem
1011 2124 1196 2205 effundere,
1228 2123 1292 2186 nisi

118 2237 281 2308 cogantur
302 2228 345 2292 ad
375 2227 612 2308 defendendum
636 2230 760 2298 Christi
780 2232 973 2312 sangumem
995 2227 1128 2291 noxium
1156 2225 1293 2308 sangui·

121 2345 192 2394 nem
217 2331 365 2396 fundere.

202 2458 280 2523 Vll.
309 2460 427 2524 Militia
456 2461 539 2523 beec
575 2469 626 2526 eet
659 2459 886 2529 rationabilior.
930 2459 1029 2525 ilatio
1060 2459 1145 2522 enlm
1164 2453 1293 2540 dietat,

122 2554 206 2641 qnod
225 2563 329 2648 aliqui
349 2565 415 2627 sint
436 2566 469 2625 ln
490 2565 609 2648 pupulo
636 2567 832 2648 christiano,
853 2565 908 2648 qni
929 2562 1025 2629 fldem
1047 2563 1156 2646 gladio
1175 2561 1292 2628 deien-

124 2663 216 2752 dant,
239 2677 274 2732 et
295 2669 484 2752 injustitiam
505 2675 683 2735 coerceant
699 2673 814 2754 armis,
837 2680 870 2732 et
895 2669 1123 2760 inobedientes
1144 2669 1179 2732 vl
1201 2687 1301 2740 cem··
1326 2749 1329 2757 Ι

123 2769 245 2850 pellent
274 2775 406 2844 intrare.
454 2775 530 2838 Hoc
560 2783 612 2839 est
641 2775 783 2841 officium
812 2773 947 2836 militnm
977 2774 1085 2835 sancti
1117 2771 1293 2853 sepulchri,

124 2881 158 2935 nt
178 2883 276 2959 patet
296 2867 456 2961 superine.
500 2880 553 2944 De
571 2881 625 2946 bis
645 2887 757 2942 autom·
774 2875 864 2940 nulle
888 2876 925 2940 nr
944 2875 1119 2938 mentioin
1154 2890 1293 2956 suscep-

124 2975 210 3043 tione
236 2980 368 3046 militiae
388 2987 421 3046 ln
442 2984 506 3049 alio
527 2985 609 3050 loeo.

206 3105 303 3178 von
332 3109 450 3174 Militia
479 3110 561 3174 haec
577 3089 647 3174 ‘est
680 3107 886 3173 amicabilior.
929 3107 969 3169 ln
1001 3103 1121 3198 nullius
1155 3119 1294 3187 namque

127 3211 359 3302 praeJndicium
380 3214 463 3278 tinnt
483 3213 602 3278 milites
623 3217 658 3278 ln
680 3209 873 3280 Jerusalem.
914 3210 982 3274 Alli
1005 3219 1111 3273 eutem
1134 3215 1210 3272 sunt
1232 3197 1295 3272 mi-

128 3309 199 3379 lltes
236 3325 349 3382 eontra
385 3327 510 3402 partem
543 3319 713 3384 adversam
720 3339 743 3402 ,·
773 3311 806 3381 et'
834 3318 869 3381 in
899 3314 1129 3400 praejudicium
1162 3313 1295 3378 alterins

127 3419 240 3484 multis
260 3421 375 3488 modis.

209 3549 269 3611 IX.
289 3549 406 3614 Militia
439 3558 550 3612 nostre
571 3559 623 3613 est
650 3547 849 3616 laboriosior.
893 3546 975 3628 Quis
1001 3548 1086 3612 enlm
1120 3543 1292 3627 explicabit

129 3643 257 3716 labores
277 3653 389 3720 mllitls
418 3655 529 3721 saneti
560 3653 741 3737 sepulchri,
768 3668 852 3736 qnos
882 3649 980 3714 habel
1000 3667 1064 3712 non
1093 3668 1152 3731 pro
1182 3649 1296 3712 militia

130 3756 342 3842 acquirendo,
366 3755 428 3822 sed
448 3777 507 3844 pro
531 3759 595 3822 Dei
616 3760 738 3824 bonore
766 3765 799 3820 et
820 3758 947 3820 animae
969 3771 1050 3822 snae
1073 3749 1207 3819 salute?

212 3897 257 3967 Χ.
278 3895 372 3964 llaec
391 3901 505 3966 militie
525 3909 579 3965 est
598 3895 820 3984 periculosior.
841 3899 928 3962 Nam
947 3897 1038 3964 labor
1058 3899 1130 3962 alne
1152 3897 1296 3981 periculo

132 4016 195 4066 non
210 4013 382 4088 reputator
402 4023 558 4091 magnus,
576 4008 641 4072 lmo
662 4005 754 4072 labor
772 4021 895 4087 parvas
916 4019 990 4066 cnm
1011 4017 1130 4086 magne
1150 3999 1296 4086 periculo

133 4123 270 4192 mugnus
297 4109 468 4192 judicetur.
524 4109 594 4175 Sed
623 4117 797 4192 utrumqne
823 4115 876 4172 est
896 4109 931 4172 in
959 4115 1071 4173 nosce
1105 4107 1238 4198 militia,
1260 4114 1301 4192 οι,

134 4205 222 4276 lnbor
242 4231 396 4300 magnus,
416 4226 449 4282 et
469 4217 587 4302 ingena
609 4216 814 4300 periculum,
837 4205 877 4276 nt'
891 4217 982 4296 patet
1004 4229 1062 4296 par
1088 4219 1190 4277 totum
1213 4227 1296 4274 eva-

135 4319 301 4395 retortum.
