3212 5206
836 276 900 342 dil

368 460 495 528 Deinde
517 462 551 525 in
572 459 752 525 desertiora
773 458 845 528 ioca
864 459 1025 543 venimus,
1038 466 1075 524 et
1095 457 1216 540 incepit
1238 457 1329 541 remo
1351 456 1457 539 mag'm

284 587 326 634 so
344 569 449 650 magis
470 565 599 630 deserte
629 574 665 629 et
684 565 836 630 inhabilis
857 566 937 630 lieri.
979 567 1017 628 In
1039 566 1144 628 locum
1166 570 1274 626 autem
1295 556 1456 643 quendam

240 669 247 678 '
284 674 445 753 venimus,
459 671 492 732 in
514 689 578 752 quo
600 671 769 735 videbatur
790 672 895 736 fuisse
907 688 1085 734 concursus
1105 670 1456 746 multorumequsrum,

285 779 378 861 qussi
401 774 492 839 lacus
512 776 559 838 ibi
580 775 713 856 fuisset,
735 785 767 839 et
796 776 844 840 ibi
864 785 954 840 erent
976 775 1098 838 multoe
1119 774 1236 837 ioveoe
1257 785 1396 850 magnae
1416 783 1459 828 ex

285 899 440 965 aquarum
464 879 602 943 decursu
625 881 748 963 iactae,
770 888 805 942 et
832 881 909 946 iicet
935 881 1026 963 regio
1049 880 1094 942 ibi
1123 885 1213 940 esset
1237 875 1350 959 plena,
1372 880 1458 934 terra

285 995 393 1050 tomen
415 993 484 1048 erat
512 983 756 1068 distortissimo,
778 994 811 1050 et
831 987 998 1068 oportebat
1031 1001 1092 1046 nos
1116 983 1189 1046 sine
1218 976 1458 1044 intermissione

286 1088 466 1154 escendere
486 1097 522 1153 et
543 1089 743 1153 descendere
763 1107 835 1153 cum
859 1106 976 1172 magns
1003 1089 1114 1170 ietige
1148 1085 1248 1150 Porro
1268 1086 1302 1146 iu
1324 1077 1459 1144 meridie

283 1213 399 1260 ueram
422 1195 585 1277 regionem
606 1203 725 1259 vastae
748 1194 931 1258 solitudinis
951 1195 1135 1276 attigimus,
1156 1192 1189 1253 in
1217 1207 1283 1274 qua
1312 1185 1458 1269 proiecto

287 1318 353 1364 non
381 1299 541 1362 nabitavit
570 1299 667 1363 bomo
695 1315 758 1362 nee
789 1299 934 1362 babitare
965 1305 1082 1381 potest.
1136 1296 1187 1358 lle
1213 1293 1345 1378 planitie
1372 1289 1458 1352 enim

288 1413 443 1468 montana
463 1404 672 1468 escendimus
691 1406 724 1466 in
745 1414 862 1467 terram
884 1404 966 1466 solis
987 1401 1155 1466 ardoribus
1174 1399 1323 1463 adustam
1342 1405 1376 1458 et
1397 1413 1458 1476 po-

288 1511 377 1572 nitus
397 1507 648 1590 infructuosam,
677 1511 839 1572 montibus
870 1508 1053 1590 scopulosis
1079 1516 1114 1570 et
1134 1505 1271 1570 collibus
1302 1499 1457 1578 arenosis,

290 1612 485 1676 torrentibus
505 1612 635 1676 saxosis
654 1620 687 1676 et
714 1612 918 1676 horribilibus
944 1611 1082 1695 plenem.
1126 1610 1322 1674 Intrantibus
1349 1613 1458 1668 eutem

289 1715 384 1780 nobis
417 1715 621 1779 solitudinem
654 1717 826 1782 brbuimus
856 1717 985 1780 obviem
1024 1719 1237 1780 karravansm
1270 1715 1291 1776 i.
1326 1731 1355 1775 e.
1398 1727 1460 1772 ex-

291 1821 424 1884 ercitum
456 1820 619 1884 hominurn
651 1839 723 1886 enm
745 1822 879 1886 camelis
902 1830 936 1886 et
968 1822 1069 1884 asinis
1091 1830 1125 1884 et
1158 1821 1369 1884 vehementer
1399 1833 1461 1910 esf

288 1926 438 2009 pavimus
469 1925 633 2009 timentes,
664 1943 722 1990 eos
752 1945 828 1992 osee
859 1927 1001 1992 tatrones
1030 1928 1138 1992 eremi.
1176 1925 1244 1988 Sed
1275 1941 1350 1986 cum
1377 1937 1461 1984 con·

288 2030 506 2113 venissemus,
520 2029 627 2094 nuilus
648 2049 687 2094 se
707 2035 808 2097 movit
829 2041 942 2096 contre
962 2050 1023 2096 nos
1045 2039 1080 2095 et
1100 2049 1173 2094 cum
1194 2029 1325 2092 silentio
1345 2025 1460 2088 ambre

292 2143 420 2199 turmae
448 2152 489 2199 se
526 2134 667 2198 invicem
701 2139 950 2220 pertransibant.
1002 2135 1110 2200 Valde
1146 2136 1231 2198 enim
1262 2127 1463 2197 formidolosi

292 2241 412 2304 inimus
430 2289 432 2293 .
451 2239 493 2301 od
525 2259 798 2325 quorumcumque
827 2243 1136 2306 contravenientium
1168 2246 1350 2321 aspectum,
1384 2233 1461 2316 quia

290 2344 392 2408 multa
413 2343 498 2406 mala
519 2344 648 2408 iuerrrnt
673 2346 975 2431 nobis-proedicto,
996 2363 1080 2431 quse
1101 2346 1228 2429 passuri
1250 2356 1398 2404 mamus
1418 2336 1460 2399 sb

290 2448 454 2510 Arabibns
474 2466 533 2529 per
555 2448 730 2513 desertum.
774 2451 854 2515 Post
873 2453 937 2517 boe
956 2454 991 2516 in
1012 2450 1172 2536 quendem
1198 2448 1377 2511 districtum
1397 2461 1461 2504 ve·

290 2553 398 2616 nimus
424 2561 457 2614 et
486 2552 625 2634 alonge
652 2555 790 2618 tentorio
811 2554 878 2639 (b)
906 2566 940 2620 et
965 2554 1174 2630 tabernaculo
1194 2551 1337 2616 vidimus
1362 2565 1460 2612 secus

290 2657 377 2723 viem
390 2666 544 2740 nostram,
556 2659 676 2741 quibus
697 2658 780 2722 visis
795 2661 975 2724 contristati
997 2661 1116 2723 inimus
1129 2669 1162 2722 et
1184 2657 1225 2721 ed
1237 2653 1461 2720 sustinendam

290 2761 528 2826 tribulationem
550 2780 610 2826 nos
631 2767 905 2847 praeperavimus,
922 2783 986 2828 non
1007 2767 1090 2827 enim
1112 2773 1164 2828 est
1185 2765 1230 2827 ibi
1249 2763 1343 2826 locus
1362 2777 1462 2844 prae-

290 2865 426 2950 parandi
454 2884 492 2929 se
515 2866 556 2930 ad
584 2867 806 2933 defensionem
836 2870 888 2932 vel
915 2869 957 2932 ad
990 2868 1251 2952 repugnandum,
1270 2865 1330 2930 sed
1356 2865 1460 2927 solnm

291 2970 334 3034 sd
351 2973 514 3054 patienter
533 2974 756 3038 sustinendum
783 2975 878 3038 etad
900 2967 1184 3038 succumbendum.
1214 2971 1297 3035 Cum
1319 2989 1398 3054 ergo
1418 2967 1461 3031 ad

291 3075 348 3138 ills
369 3080 506 3140 tentoria
518 3079 735 3160 venissemus,
748 3080 879 3142 stabant
899 3078 1030 3163 quidem
1051 3086 1129 3141 ante
1142 3079 1280 3141 tentoria
1299 3078 1362 3140 viri
1377 3075 1461 3158 nigri

291 3181 466 3244 orientales
487 3197 560 3245 curu
583 3184 716 3268 lanceis,
734 3185 838 3267 pareti
860 3182 901 3245 ad
921 3200 960 3246 se
984 3181 1238 3264 defendendum,
1260 3200 1325 3245 non
1346 3179 1388 3244 od
1407 3177 1463 3242 r'n·

291 3282 486 3367 rudendum,
509 3294 542 3348 et
562 3304 623 3350 nos
644 3285 872 3371 respiciebant,
893 3301 955 3344 nec
974 3285 1108 3350 verbum
1130 3305 1229 3350 unum
1249 3288 1463 3371 loquebantur

292 3387 397 3450 uobis.
440 3387 598 3452 Celeriter
618 3408 697 3474 ergo
729 3409 787 3454 eos
818 3409 892 3462 cum
920 3389 1049 3454 silentio
1077 3394 1345 3474 pertransivimus
1380 3409 1462 3468 oon-

292 3494 373 3555 tenti
403 3492 444 3555 de
463 3511 573 3555 eorum
590 3495 714 3578 quiete,
735 3497 823 3559 sicut
844 3503 877 3558 et
902 3494 966 3577 ipsi
987 3494 1029 3558 de
1060 3506 1187 3578 nostre,
1209 3500 1238 3558 si
1268 3495 1397 3580 quidem
1426 3503 1462 3558 et

292 3596 355 3678 ipsi
377 3595 599 3660 iormidebent.

375 3701 413 3764 ln
435 3717 592 3783 processu
613 3700 759 3765 ulteriori
779 3704 930 3767 venimus
951 3705 984 3765 in
1006 3721 1139 3786 campos
1159 3704 1295 3770 adustos
1311 3713 1347 3768 et
1368 3704 1463 3788 istos,

292 3823 351 3889 per
369 3823 453 3890 quos
474 3804 516 3869 ed
534 3825 686 3891 magnum
706 3810 845 3890 spatium
857 3811 990 3892 patebat
1010 3811 1169 3892 inspectio
1189 3810 1317 3874 deserti.
1349 3812 1391 3874 Et
1408 3809 1464 3872 vi·

293 3903 400 3974 dimus
420 3912 453 3973 in
475 3911 585 3975 multis
605 3911 686 3977 iocis
707 3932 808 3997 prope
829 3923 862 3976 et
882 3914 980 3997 longe
1000 3933 1021 3976 e
1050 3915 1143 3978 nobis
1171 3915 1276 3981 fumos
1305 3918 1399 4000 quasi
1421 3915 1462 3996 ab

292 4015 423 4100 ignibus
444 4018 671 4099 recondentes,
693 4018 735 4082 de
755 4021 873 4102 quibus
893 4021 1053 4103 perterriti
1074 4021 1210 4101 inimus,
1231 4025 1309 4106 qnia
1328 4022 1463 4105 putavi-

294 4139 376 4203 mus,
403 4123 497 4205 ignes
526 4121 599 4186 illos
618 4139 694 4186 esse
719 4125 917 4187 exercituum
939 4133 972 4188 et
1001 4133 1177 4189 turmarum
1200 4125 1352 4187 Arabum.
1395 4118 1463 4182 Sed

294 4221 430 4290 catinus
457 4221 540 4291 dixit
559 4228 671 4311 nobis,
699 4238 732 4294 et
752 4230 952 4312 experiendo
982 4247 1044 4294 nos
1065 4229 1202 4313 edocuit,
1225 4228 1312 4314 quod
1342 4225 1463 4291 inillis

297 4329 378 4394 iocis
414 4349 476 4396 nee
508 4332 603 4398 bomo
633 4351 695 4398 nec
726 4335 812 4419 ignis
833 4344 934 4418 esset,
961 4333 1022 4399 sed
1052 4337 1142 4400 venti
1172 4335 1288 4398 dentes
1318 4331 1463 4396 turbines
