3202 5218
839 259 904 324 tta

287 441 429 526 vestigio
450 439 605 508 effossum
629 437 765 504 nucibus
785 459 825 509 ae
846 444 1012 514 castaneis
1032 441 1140 504 simile
1161 443 1330 529 reperitur,
1352 441 1466 506 colors

285 548 331 610 ite
363 545 486 628 lucldo‚
524 552 558 607 ιιι
588 547 748 627 pretiosos
777 543 903 628 lapides
932 563 1012 610 auro
1044 545 1189 609 inclusos
1221 546 1465 630 splendidiores

286 650 410 714 reddat.
456 651 493 712 ln
524 649 587 712 bac
617 647 738 735 Arabia
767 651 832 712 sita
872 658 923 714 est
949 651 1085 732 blecha,
1117 652 1235 714 civitas
1264 651 1462 714 blacbometi

285 755 450 818 maledicti
484 762 516 816 et
543 751 697 834 templum
729 754 893 838 sepulchri
930 753 1022 837 ejus,
1056 765 1125 818 arte
1156 756 1346 819 mechanica
1376 754 1462 818 adeo

284 859 430 942 mirifice,
449 867 484 921 ut
506 857 631 940 dicitur,
653 874 858 942 suspensum,
881 866 916 921 ut
937 860 994 944 illi,
1016 861 1073 942 qui
1096 860 1265 942 efficiunt,
1286 863 1459 942 opinentur

285 963 363 1026 ess'e
385 964 504 1026 virtute
525 962 633 1044 alique
654 961 773 1024 divina.
796 961 881 1026 Sunt
904 966 989 1026 euim
1012 965 1046 1026 in
1068 964 1139 1028 solo
1161 964 1257 1028 locati
1279 972 1460 1046 magnetes,

285 1068 421 1130 interius
453 1075 486 1128 ct
513 1068 665 1149 superius
686 1068 720 1131 iu
736 1067 900 1130 testudine
917 1070 950 1130 iu
969 1051 1209 1151 proportionata
1227 1066 1458 1150 magnitudine,

284 1171 491 1254 sepulchrum
519 1190 599 1234 vero
632 1171 845 1253 Hadrumeti,
879 1171 966 1256 quod
988 1182 1038 1235 ost
1068 1173 1223 1256 ferreum,
1255 1172 1341 1250 acris
1371 1169 1461 1234 illius

284 1274 391 1339 medio
413 1278 496 1338 iuter
516 1283 687 1358 utrumque
708 1275 847 1357 lepidam
866 1278 960 1358 quasi
982 1278 1123 1340 numinis
1143 1283 1304 1359 potestate
1327 1273 1457 1357 pendet.

286 1377 390 1456 Quale
413 1381 510 1442 etlam
539 1378 659 1460 aliquid
691 1381 725 1440 in
748 1379 878 1443 lucerna
892 1381 1041 1444 TVeneris
1064 1381 1105 1443 de
1137 1380 1245 1464 lapide
1266 1380 1307 1442 ab
1336 1377 1461 1454 artifice

273 1465 356 1546 'ficri
387 1485 506 1565 potnit,
539 1481 625 1564 quod
655 1481 797 1564 gentiles
833 1484 1035 1546 mirarentur.
1089 1487 1127 1547 lu
1159 1483 1298 1556 delubro
1320 1482 1460 1564 quodam

285 1596 353 1650 erat
375 1586 513 1648 ferreum
539 1584 679 1666 idolum,
712 1586 808 1649 ctiam
831 1586 936 1648 taliter
964 1605 1178 1670 suspensum,
1210 1596 1246 1651 ut
1267 1587 1403 1654 habetur
1425 1587 1459 1650 iu
1486 1665 1496 1674 Ι

148 1736 152 1745 ,
284 1689 380 1772 Speo.
403 1689 481 1757 Νιιι.
502 1689 542 1755 [ι.
563 1686 622 1750 lx.
644 1706 672 1750 o.
695 1689 752 1750 20.
772 1698 805 1751 et
826 1690 911 1753 inlra
933 1691 987 1753 lul.
1010 1691 1053 1755 72
1074 1695 1112 1754 B.

368 1793 491 1856 Verum
513 1792 617 1881 magis
639 1791 680 1854 ad
703 1792 885 1874 aquilonem
908 1796 1121 1878 respicientes
1143 1805 1256 1861 contra
1270 1796 1461 1860 Chaldaeo-

285 1915 354 1960 rum
377 1898 541 1980 regionem
563 1896 675 1959 oculos
692 1896 901 1978 conjecimus,
925 1917 1010 1981 quae
1022 1900 1164 1964 Arabiae
1180 1911 1232 1964 est
1248 1903 1460 1983 contermina,

283 2004 317 2065 in
339 2020 404 2084 qua
433 2002 552 2064 civitas
573 2001 629 2063 illa
649 1999 783 2084 grandis
814 2002 994 2084 Babylonia
1024 2003 1085 2068 luit
1114 2023 1135 2068 a
1155 2003 1459 2071 Nabuchodonosor

284 2115 487 2187 constructa,
508 2113 542 2166 ιιι
564 2107 598 2167 iu
619 2106 758 2169 Daniele
778 2106 921 2170 babetur.

368 2213 405 2272 ln
427 2209 482 2271 illa
499 2210 678 2294 Bnbylonia
699 2221 767 2273 erat
787 2211 843 2273 ille
864 2212 981 2293 iugens
1002 2209 1183 2294 obeliscus,
1214 2231 1313 2276 unum
1335 2211 1377 2273 de
1392 2211 1460 2276 Vll

283 2313 480 2376 mirabilibus
503 2314 621 2376 muudi.
649 2314 735 2376 Nam
757 2313 945 2378 Semiramis
967 2315 1080 2396 regina
1101 2333 1143 2378 ex
1162 2315 1339 2379 Armeniae
1361 2335 1458 2379 mon·

284 2421 371 2479 tibus
394 2416 500 2479 excidi
530 2418 608 2481 feeit
635 2416 772 2500 lapidem
797 2418 914 2500 pedum
941 2416 999 2480 Ch
1021 2420 1053 2480 lu
1081 2419 1270 2503 latitudine,
1300 2421 1458 2504 spissitu-

283 2520 359 2582 dine
378 2539 456 2582 vero
477 2520 602 2603 XXIV,
643 2541 739 2604 quem
763 2522 936 2585 deductum
958 2521 1173 2606 Babyloniam
1195 2525 1298 2588 erexit
1318 2527 1351 2587 in
1379 2534 1459 2588 stu-

282 2642 391 2705 porem
417 2625 556 2687 omnium
575 2627 786 2692 cernentium.
828 2627 931 2689 Juxta
951 2627 1036 2690 banc
1058 2628 1222 2690 civitatem
1245 2639 1296 2690 est
1319 2647 1458 2710 campus

281 2727 409 2810 Durae,
431 2729 465 2790 iu
486 2749 550 2812 quo
570 2739 794 2795 convenerunt
813 2733 968 2814 gigantes
988 2741 1072 2814 post'
1097 2732 1253 2795 diluvium
1275 2731 1317 2794 ad
1339 2733 1459 2796 aedili-

281 2832 367 2896 cium
389 2834 486 2896 turris
520 2835 621 2898 Babel
645 2845 677 2897 et
710 2836 764 2898 ubi
788 2835 874 2898 locta
901 2835 964 2898 snit
1000 2835 1149 2899 conlusio
1181 2836 1371 2918 linguarum.
1415 2839 1456 2900 ln

281 2937 346 3000 boc
366 2955 480 3021 eampo
502 2942 606 3003 erexit
637 2939 938 3005 Nabuchodonosor
969 2947 1110 3002 statuum
1123 2957 1270 3024 ,aureum
1299 2960 1357 3022 pro
1379 2940 1457 3022 deo,

282 3060 376 3124 quam
405 3043 572 3126 Arrenius,
628 3045 789 3128 Azarias,
827 3043 944 3106 Misael
984 3041 1118 3106 adorare
1160 3044 1317 3108 uolentes
1363 3046 1458 3108 missi

281 3155 357 3207 suut
380 3146 423 3208 ibi
444 3149 477 3208 in
500 3147 661 3210 fornacem
681 3149 777 3229 ignis.
820 3149 869 3211 lbi
892 3148 952 3210 fuit
974 3146 1094 3212 idolum
1115 3148 1173 3210 Bel
1196 3158 1228 3211 et
1261 3149 1353 3212 lacus
1382 3148 1457 3211 leo·

281 3266 367 3310 uum.
411 3249 507 3310 llanc
533 3252 698 3313 civitatem
725 3253 860 3312 castitas
893 3249 1066 3314 Suseuuac
1088 3255 1198 3316 uxoris
1217 3254 1366 3327 Joaobim
1391 3254 1455 3317 de-

281 3368 387 3413 coram
412 3351 551 3415 reddidit
573 3363 605 3415 et
627 3353 725 3415 multa
746 3354 844 3416 valde
873 3353 914 3416 de
935 3372 974 3416 ce
994 3357 1028 3416 iu
1050 3357 1157 3420 sacris
1187 3357 1368 3440 Scripturis
1390 3359 1456 3420 ha-

281 3454 406 3540 bentur.
450 3455 502 3516 Ex
523 3456 585 3518 hnc
607 3457 756 3538 regione,
780 3465 816 3519 ut
836 3476 935 3540 supra
955 3458 1024 3519 Fol.
1047 3459 1090 3522 25
1113 3460 1233 3524 dictum
1256 3471 1317 3544 est,
1338 3461 1456 3544 Ztgnri

278 3556 405 3640 popull,
428 3575 509 3640 quos
531 3578 591 3624 uos
611 3559 785 3644 Zigiueros
807 3562 1026 3644 nominemus,
1058 3567 1223 3648 exierunt,
1246 3569 1302 3649 qul
1335 3573 1448 3628 aetate

280 3670 392 3725 nostra
414 3680 488 3734 enm
510 3663 621 3727 liberis
643 3674 676 3727 ct
707 3667 861 3730 uxoribus
893 3669 1054 3748 Europam
1084 3686 1211 3733 omnem
1231 3677 1454 3754 perungantur

281 3773 327 3847 et,
349 3783 422 3829 cum
445 3767 534 3831 fures
555 3770 757 3834 subtilissimi
778 3773 861 3852 siut,
879 3771 913 3832 in
935 3771 1052 3853 oppida
1078 3772 1204 3854 ingredi
1225 3793 1291 3838 non
1317 3775 1454 3858 permit-

279 3877 403 3938 buntur.
453 3872 525 3936 llos
546 3874 667 3938 Veneti
696 3879 736 3938 ab
774 3877 861 3937 omni
888 3892 948 3938 suo
989 3876 1198 3942 excluserunt
1226 3897 1349 3961 reguo,
1383 3887 1451 3941 tum

280 3984 409 4057 propter
441 3975 546 4060 iuria,
578 3988 644 4042 tum
675 3981 772 4042 etiam
807 3988 938 4063 propter
975 3981 1247 4065 explorationem,
1278 3980 1355 4064 (de)
1388 4000 1453 4064 qua

280 4081 426 4160 suspecti
464 4081 634 4145 habentur.
687 4083 808 4154 Eodem
853 4084 947 4147 modo
984 4083 1132 4148 domiuus
1170 4087 1380 4150 Eberhardus
1411 4086 1453 4150 de

279 4182 533 4268 Wurtemberg,
563 4185 646 4267 dux,
668 4205 725 4248 eos
746 4187 872 4269 ingredi
893 4206 986 4251 suum
1010 4190 1181 4254 dominium
1201 4211 1265 4254 nou
1284 4192 1449 4274 permittit,

279 4289 355 4370 quia
376 4309 487 4352 eorum
509 4289 601 4374 dolos
622 4291 656 4352 iu
677 4291 806 4374 propria
821 4310 961 4374 persona
989 4305 1144 4379 expertus
1165 4305 1215 4359 est
1235 4295 1452 4359 adversitates
