3240 5222
271 465 403 542 propter
423 455 485 520 loci
506 451 744 518 venerationem
773 461 807 514 et
828 454 870 517 ad
898 461 1033 518 sanctos
1046 453 1261 538 'patriarchas
1293 455 1448 520 devotio-

271 583 364 643 nem,
396 564 440 625 ita
470 556 554 644 quod
587 576 745 621 saucoesn
779 560 936 641 temporis
967 563 1085 624 civitas
1115 560 1174 622 tntt
1202 564 1246 626 ibi
1276 563 1380 645 facta,
1414 571 1449 624 et

272 664 404 726 Hebron
435 664 568 746 antiqua
598 663 753 726 derelicta
784 671 862 727 ante
888 674 1033 748 tempora
1058 667 1165 728 David
1195 670 1295 749 regis.
1337 667 1449 730 David

273 771 356 845 enim
387 787 445 832 rex
473 768 537 830 Vll
565 771 657 831 unnis
685 771 832 852 regnavit
868 770 902 832 in
935 771 1067 834 Hebron
1104 772 1266 836 moderna.
1309 776 1452 856 Insuper

271 874 389 938 Judaei
411 884 523 957 petrae
543 873 720 956 speluncae
741 869 1095 960 superaedificaverunt
1116 879 1288 944 oratorium
1324 888 1357 941 et
1384 896 1450 960 po·

273 984 344 1042 st‘ea
356 979 530 1041 Christiani
551 979 716 1042 destructo
737 982 875 1043 oratorio
890 960 1085 1045 Judaeornm
1105 983 1277 1045 ecclesiam
1293 1001 1449 1065 magnam

274 1083 641 1167 superaedificaverunt,
664 1084 851 1148 ordinantes
871 1088 905 1148 iu
931 1106 971 1149 ea
993 1089 1181 1171 episcopum
1204 1097 1237 1151 et
1258 1090 1448 1151 canonicos.

274 1191 354 1254 Post
385 1199 490 1254 terrae
517 1199 651 1252 sanotae
673 1199 779 1253 autem
808 1195 1013 1255 amissionem
1044 1193 1190 1255 iecerunt
1212 1193 1384 1256 Sarraceni
1407 1213 1452 1256 ex

278 1297 420 1359 ecelesia
443 1295 628 1357 muaeheam
650 1304 684 1358 et
706 1296 779 1359 altis
801 1299 900 1360 muris
924 1307 956 1360 et
977 1299 1119 1361 turribus
1139 1315 1209 1359 eam
1233 1302 1452 1377 muniverunt,

277 1410 310 1462 et
337 1403 382 1462 ita
410 1399 505 1462 hodie
527 1409 592 1464 stat
612 1401 645 1462 in
667 1402 809 1464 civitatis
830 1403 953 1485 medio,
985 1405 1070 1466 siout
1092 1403 1175 1465 forte
1197 1413 1357 1483 castrum,
1387 1418 1453 1462 nec

279 1505 379 1569 babet
400 1513 569 1586 aspectum
593 1505 768 1586 eeclesiae,
796 1507 855 1568 aed
877 1508 974 1568 castri
997 1509 1051 1569 vel
1072 1507 1205 1590 grandis
1227 1507 1347 1590 palatii.
1386 1504 1451 1567 nt-

277 1617 394 1675 xernnt
416 1613 523 1671 au'tem
545 1609 637 1671 nobis
660 1609 848 1691 Sarraceni,
881 1610 967 1693 qnod
994 1615 1067 1696 ipsa
1096 1613 1252 1675 muschea
1280 1611 1377 1693 plena
1407 1609 1452 1670 sit

279 1713 465 1777 ardentibus
486 1713 698 1797 lampadibus,
722 1722 754 1775 et
776 1714 942 1796 lampades
963 1717 996 1778 in
1019 1719 1176 1800 spelunca
1197 1716 1316 1799 duplici
1335 1717 1367 1777 in
1387 1731 1451 1774 au·

279 1823 345 1884 reis
381 1819 612 1882 sustentaculis
641 1819 785 1902 pendent
815 1827 848 1880 et
884 1823 999 1884 sericis
1029 1824 1160 1886 funibus
1197 1821 1253 1884 vel
1284 1821 1450 1902 argenteis

279 1925 438 1991 catenulis
467 1925 660 2007 appendent.
702 1925 817 1986 Plures
845 1925 1034 1990 sacerdotes
1061 1937 1136 1991 surrt
1164 1929 1198 1990 in
1227 1944 1267 1989 aa
1290 1924 1452 1986 -muschoa

279 2042 345 2096 tam
363 2031 465 2113 Sequi
485 2048 580 2114 quum
601 2029 758 2112 Alhages,
780 2031 828 2092 ita
847 2030 933 2113 qnod
954 2049 1126 2115 numquam
1149 2032 1228 2095 bora
1249 2031 1367 2092 transit
1389 2045 1452 2090 neo

281 2131 335 2202 die
356 2155 417 2199 neo
438 2148 550 2218 noete,
583 2137 617 2197 ln
638 2153 703 2218 qua
724 2153 789 2197 nou
811 2135 855 2197 sit
875 2141 991 2206 cantus
1015 2136 1110 2218 juxta
1130 2136 1318 2219 speluncam
1342 2133 1452 2216 dupli-

281 2261 367 2306 oem:
389 2243 543 2328 uicissem
574 2241 657 2301 euim
689 2239 751 2301 sibi
772 2240 913 2302 invicem
934 2241 1124 2303 succedunt.
1166 2242 1250 2304 llum
1271 2247 1379 2302 autem
1402 2239 1453 2300 sio

221 2369 224 2377 ¹
282 2356 443 2410 staremus
464 2347 504 2408 ad
520 2344 641 2426 gradus
659 2345 845 2428 muscheae,
860 2349 1047 2430 congregati
1064 2347 1192 2409 fuorunt
1208 2345 1298 2408 multi
1310 2344 1451 2426 juvenes

283 2460 316 2514 et
338 2467 438 2513 senes
461 2451 502 2513 ad
525 2449 698 2512 videndum
722 2465 792 2513 uos.

284 2681 336 2769 (9
345 2685 391 2767 ⁸)
433 2683 492 2759 De
526 2683 697 2789 hospitali
723 2685 871 2762 Hebron
913 2697 951 2764 et
985 2687 1033 2764 de
1070 2683 1209 2788 piscina
1234 2683 1382 2760 llebron
1414 2690 1452 2780 et

759 2808 841 2884 aliis
865 2807 971 2889 locis.

366 2991 448 3053 Post
473 2989 645 3052 muscheue
667 2998 700 3050 at
722 2988 858 3073 duplicis
880 2989 1056 3073 speluncae
1078 2987 1367 3053 considerationem
1393 2985 1453 3048 de-

286 3095 472 3160 scendimus
494 3094 657 3175 paululum
680 3101 715 3154 et
737 3095 776 3156 ad
798 3096 884 3157 iores
907 3095 1077 3178 hospitalis
1098 3113 1271 3177 pauperum
1294 3093 1453 3173 venimus,

286 3200 372 3283 quod
402 3199 461 3261 sub
491 3199 647 3259 musellae
676 3205 737 3258 est.
790 3197 967 3261 introducti
994 3207 1101 3262 autem
1134 3200 1275 3261 vidimus
1306 3195 1454 3260 cilicinas

285 3303 439 3387 pulchras
475 3311 507 3364 et
538 3305 571 3363 iu
598 3304 737 3382 coquina
766 3309 798 3362 et
828 3305 961 3384 pistoria
989 3305 1144 3387 grandem
1177 3303 1453 3388 praeparationem

285 3425 344 3490 pro
373 3407 552 3489 peregrinis
574 3405 842 3488 Sarracenornm,
875 3425 1009 3489 quornm
1043 3410 1175 3472 cottidie
1206 3425 1323 3494 magna
1343 3405 1456 3468 multi·

286 3510 364 3576 tudo
392 3509 523 3573 advenit
551 3509 592 3572 ad
613 3511 807 3578 visitandam
828 3512 1018 3595 speluncam
1041 3513 1217 3596 duplicem,
1248 3511 1454 3595 sepulchrum

286 3616 547 3700 patriarcharum.
576 3615 700 3710 ,Habet
729 3615 791 3679 hoc
819 3617 979 3699 hospitale
1000 3621 1033 3681 in
1058 3621 1173 3681 animis
1194 3615 1348 3680 reditibus
1371 3615 1455 3677 ultra
1485 3635 1488 3642 ’

286 3721 413 3784 XXllll
441 3721 539 3784 millia
567 3720 764 3784 ducatorum.
808 3721 902 3786 Unde
923 3723 1060 3807 singulis
1083 3723 1197 3786 diebus
1219 3730 1401 3806 coquuntur
1420 3723 1453 3784 in
1573 3755 1579 3773 ·

287 3823 414 3889 clibano
436 3825 523 3888 mille
544 3827 673 3889 ducenti
698 3845 815 3910 panes,
848 3829 903 3911 qui
925 3829 1160 3892 distribuuntur
1189 3829 1390 3911 petentibus,
1422 3835 1455 3890 et

287 3931 366 3994 uulli
389 3932 559 4016 peregrino
580 3930 762 4016 denegatur
783 3933 1006 4017 eleemosyna,
1028 3935 1073 3996 sit
1095 3935 1326 4018 cuiuscumque
1346 3932 1454 4016 gentis

287 4036 341 4100 vel
356 4037 431 4100 fidei
452 4048 484 4102 et
504 4046 625 4100 sectae.
679 4035 743 4115 Qut
761 4038 850 4121 petit,
873 4039 989 4121 accipit
1008 4057 1134 4122 panem,
1157 4039 1262 4103 oleum
1285 4045 1318 4100 et
1343 4055 1455 4098 mene-

288 4149 409 4228 strnm,
442 4142 526 4228 quod
554 4161 614 4206 nos
643 4141 840 4226 pulmentum
867 4161 1032 4206 vocamus.
1078 4141 1255 4207 Castellum
1277 4141 1312 4205 S.
1335 4141 1455 4204 Samu-

288 4247 349 4311 elis
371 4247 474 4312 sclum
496 4249 633 4332 singulis
656 4247 749 4310 annis
770 4247 867 4310 solvit
881 4247 929 4311 illi
943 4247 1095 4331 hospitali
1114 4247 1176 4311 duo
1192 4249 1293 4312 millia
1308 4247 1453 4332 ducatos,

289 4365 322 4418 et
348 4353 519 4419 Sartaeeui
549 4363 581 4419 at
601 4353 697 4417 'larci
718 4352 837 4416 divites
865 4351 998 4418 cottidie
1026 4355 1249 4418 transmittunt
1279 4351 1320 4418 ad
1348 4351 1454 4415 locum
