3212 5206
236 446 423 530 Pnunnoa,
443 463 464 510 a
484 445 618 512 eivitato
638 443 793 528 monlon,
813 460 898 528 quae
920 441 1085 506 dicebatur
1104 441 1277 519 Pbilistbn,
1298 460 1319 504 a
1340 460 1407 525 qua

238 561 273 616 et
293 551 403 636 populi
423 550 510 615 illius
531 551 675 632 regionis
694 550 856 613 Philistiui
873 547 952 612 dieti
970 557 1058 618 sunt.

322 655 408 718 Olim
428 657 526 720 totins
545 654 753 719 Palaestinae
773 653 958 736 metropolis
984 661 1054 716 erat
1075 651 1261 734 Asoalona5
1289 660 1408 735 postea

238 759 297 824 luit
319 759 506 842 metropolis
540 756 706 823 Caesarea
740 758 911 840 maritima,
945 757 1006 821 sed
1027 774 1114 822 nuno
1133 765 1186 820 est
1218 755 1313 821 Gaza
1333 770 1407 820 rue-

238 863 384 948 tropolis.
1213 929 1223 946 .

321 969 404 1031 Tota
434 967 523 1050 regio
546 966 621 1031 olim
642 977 712 1032 orat
733 965 829 1049 plone
859 967 1046 1050 gigantibus
1081 974 1114 1029 et
1142 977 1233 1030 eram
1254 973 1408 1049 potentes

238 1081 324 1138 terra
358 1073 520 1156 marique,
553 1073 629 1156 quin
657 1083 771 1156 pertus
802 1075 901 1135 maris
933 1071 1152 1154 possidebant.
1203 1068 1409 1153 Quandoque

237 1181 429 1265 praeeipuns
451 1185 485 1240 et
507 1173 663 1256 capitales
686 1175 838 1240 civitates
859 1177 1001 1240 babebat
1021 1176 1078 1240 illu
1099 1177 1204 1259 regio,
1225 1175 1266 1238 de
1287 1175 1408 1258 quibus

239 1285 358 1350 dietum
378 1292 430 1346 est
446 1280 517 1346 ll'ol.
539 1280 579 1342 ΙΙ.
609 1278 746 1362 Propter
767 1280 989 1346 erudelitatenr
1011 1282 1181 1366 gigantum
1203 1298 1269 1342 nou
1289 1289 1408 1362 potue·

239 1398 313 1454 runt
332 1387 391 1450 tilii
411 1385 514 1449 lsrael
539 1383 648 1446 delere
677 1384 873 1450 Philistaeos
909 1405 971 1450 neo
993 1389 1145 1451 oivitates
1166 1383 1239 1449 illas
1262 1385 1408 1467 quinque

239 1492 417 1579 possidere.
461 1489 566 1553 Multa
594 1490 790 1553 monasteria
826 1492 1054 1557 rnouaohoruru
1090 1491 1203 1555 bubuit
1232 1488 1408 1573 aliquande

240 1598 429 1662 Palaestina
469 1603 503 1659 et
534 1592 696 1677 magnalia
727 1592 877 1677 leguntur
898 1595 940 1659 de
967 1597 1134 1661 rnonaobis
1155 1597 1189 1660 in
1221 1592 1409 1657 Palaestino

241 1702 442 1786 degentibus.

276 1932 338 2008 De
363 1932 468 2010 Gaza
499 1933 580 2008 sive
607 1931 773 2024 Gazara,
798 1930 947 2007 oivitne
980 1927 1270 2008 Palaestinorum
1292 1931 1374 2007 sive

686 2051 966 2130 Philistinorum.

326 2231 422 2298 Gaza
443 2235 561 2300 eivitas
581 2243 633 2298 ost
653 2235 810 2318 binomia,
829 2235 907 2318 quia
927 2239 961 2295 ot
982 2228 1077 2296 Gaza
1098 2232 1232 2320 dieitur,
1259 2242 1294 2298 ut
1315 2251 1410 2298 oom-

243 2337 383 2400 muniter
412 2338 446 2400 iu
478 2339 664 2421 Scriptura,
693 2348 726 2402 et
757 2339 904 2421 Gaura,
942 2338 969 2400 1.
1000 2339 1145 2401 Maooab.
1169 2338 1199 2402 7.
1234 2349 1269 2402 et
1295 2348 1411 2422 postea

243 2459 355 2523 saepe.
398 2443 441 2505 lot
462 2444 509 2506 ita
530 2442 626 2506 bodie
648 2446 687 2506 ab
711 2445 858 2506 omnibns
880 2442 1069 2506 nominatur.
1111 2442 1261 2525 Gazara,
1281 2443 1410 2526 praesi-

244 2543 348 2627 dium,
380 2557 638 2630 monumentum,
661 2548 741 2612 vide
758 2549 790 2612 a
821 2547 969 2610 Maooab.
1000 2547 1056 2629 X„
1090 2548 1177 2632 quod
1209 2550 1412 2632 expugnavit

243 2647 358 2713 Jutlas
401 2650 497 2716 Gaza
519 2656 604 2718 euim
625 2653 711 2717 idam
731 2660 846 2733 sonat,
869 2649 954 2734 quod
977 2652 1160 2722 thesamus.
1203 2654 1289 2716 Nam
1310 2654 1410 2716 Cam-

207 2829 211 2836 ,
244 2753 346 2837 byses
366 2774 440 2841 rex,
458 2759 575 2824 volens
596 2759 758 2822 debellare
778 2757 983 2838 Aegyptum,
1005 2775 1131 2822 omnem
1156 2775 1252 2824 saum
1273 2758 1410 2820 thesau-

242 2879 315 2926 rnru
336 2863 370 2924 in
391 2860 517 2928 Gazara
537 2866 662 2948 posuit,
685 2875 718 2928 et
739 2862 816 2928 indo
837 2879 953 2926 nornen
976 2859 1071 2925 Gaza
1091 2871 1148 2926 aut
1178 2861 1309 2926 Gazara
1329 2862 1410 2926 reti·

244 2967 324 3030 nuit.
367 2965 440 3045 Quo
463 2972 720 3035 outemnomins
737 2976 815 3031 anta
847 2964 1042 3049 Cambysen
1066 2968 1161 3030 fuerit
1187 2974 1321 3047 vooatu,
1345 2985 1410 3029 non

244 3071 371 3153 inveni,
393 3082 425 3134 et
448 3074 532 3138 forte
551 3054 626 3148 auto
648 3075 845 3156 Cambysen
867 3072 963 3150 etiam
985 3072 1034 3134 sio
1055 3071 1232 3154 dicentur,
1251 3072 1328 3155 quia
1346 3089 1410 3134 au-

244 3176 445 3257 tiquissimae
465 3179 645 3260 seripturae
663 3198 733 3242 eam
758 3178 882 3240 Gazam
904 3177 1090 3258 nominant,
1119 3186 1155 3241 nt
1176 3176 1300 3240 Josuae
1322 3177 1352 3240 1.
1376 3186 1411 3240 et

241 3277 350 3340 Judio.
374 3279 402 3342 t.

325 3385 419 3445 Haeo
438 3385 556 3449 civitas
577 3385 652 3449 olim
680 3391 750 3447 orat
777 3385 958 3465 Eurorum,
989 3381 1167 3446 seeundum
1197 3385 1409 3470 Jerorrymum

243 3487 284 3551 ‹la
305 3488 470 3552 dlstautiis
502 3489 660 3570 locorum,
682 3489 715 3550 in
736 3505 801 3569 qua
829 3487 1020 3551 habitavero
1041 3486 1233 3571 Capadooes
1267 3492 1411 3574 pristinis

244 3593 421 3658 oultoribus
442 3594 643 3674 interfantis,
676 3600 710 3656 et
740 3602 791 3656 est
812 3593 846 3656 iu
866 3603 955 3658 sorte
976 3594 1080 3658 tribue
1097 3593 1221 3676 Judae,
1256 3595 1316 3658 sed
1337 3615 1410 3659 eam

242 3707 366 3780 tenore
386 3719 450 3764 nou
483 3700 603 3783 potuit,
639 3700 716 3783 quia
735 3700 887 3782 &gantos
915 3699 1091 3763 fortissime
1123 3702 1319 3765 restiterunt.
1359 3700 1412 3765 De

241 3804 304 3868 beo
325 3804 457 3870 oivitnte
471 3805 645 3889 prophetae
665 3804 767 3868 multa
783 3805 1022 3888 praedixerunt,
1034 3811 1072 3868 ut
1093 3805 1409 3870 habeturleremiae.

241 3906 317 3990 (19
328 3911 373 3994 a)
395 3909 459 3992 47,
501 3909 683 3973 Zachariae
700 3911 811 3973 IX.'et
833 3909 976 3992 Sophan.
999 3911 1041 3992 2,
1064 3910 1118 3973 nbi
1140 3910 1242 3973 multu
1262 3910 1412 3974 dicuntur

240 4013 283 4078 de
304 4013 376 4095 ejus
396 4012 616 4078 destructione
641 4014 830 4079 stallorum
852 4013 1094 4078 Philistinorurn
1117 4018 1295 4080 civitatum.
1318 4013 1413 4080 Unda

240 4119 456 4203 leronymus,
488 4120 543 4183 nbi
563 4135 679 4202 supra,
712 4118 808 4182 dicit:
842 4119 1021 4201 quaeritur,
1064 4120 1225 4203 quomodo
1252 4119 1347 4186 Gaea
1377 4122 1411 4184 iu

241 4222 379 4308 quodam
411 4224 581 4307 prophetin
620 4223 737 4310 dieitur
767 4221 874 4285 sutura
904 4221 937 4284 in
971 4224 1133 4288 oumulum
1169 4227 1412 4309 sempiternum,

241 4328 328 4412 quod
348 4329 488 4413 loquitur
510 4337 623 4394 ooutra
637 4330 761 4391 Gazam
784 4326 957 4410 antiquam,
980 4348 1064 4415 quae
1085 4330 1203 4396 dudum
1224 4332 1258 4393 iu
1280 4329 1412 4394 nibilum
