3212 5206
860 295 925 362 iffi

321 485 354 540 et
376 475 475 560 aliqui
496 475 659 540 bebebsut
679 473 872 541 bombardae
893 480 928 537 ct
949 475 1052 557 persii
1073 493 1147 540 oum
1168 476 1268 540 armis
1287 471 1506 544 detensionis

320 583 432 643 asinos
453 578 660 644 ascendimus
682 588 716 644 et
752 599 825 644 curn
847 580 993 644 exercitu
1021 589 1131 644 nostro
1162 579 1203 643 de
1231 581 1371 644 civitate
1407 578 1508 640 Gaze

320 685 434 747 armati
466 685 638 747 exivimus.
681 686 723 749 iii
746 687 821 768 quia
848 685 880 748 in
910 684 1063 748 Arabiam
1095 682 1256 746 divertere
1287 683 1506 762 volebamus,

319 787 442 871 placuit
464 786 654 852 sarnacum
680 793 848 854 armatura·
863 788 996 852 miiitum
1019 789 1278 872 peregrinorum,
1299 785 1509 850 oemeiario·

322 912 394 956 rum
415 901 448 955 et
474 893 701 976 minutiorum,
734 911 846 958 omnes
874 895 960 956 euim
988 911 1061 957 cum
1088 893 1208 976 gladiis
1242 902 1274 956 et
1295 891 1509 974 pugionibus

323 997 484 1060 hebebant
506 1015 614 1064 arcus.
637 997 676 1062 Si
696 1008 804 1063 eutem
824 1000 857 1062 in
880 998 1011 1082 Syriam
1034 1016 1055 1060 a
1076 997 1267 1062 Palaestina
1290 997 1420 1059 inisset
1442 997 1510 1056 iter

322 1111 486 1184 nostrum,
512 1119 715 1186 nequaquam
737 1121 798 1168 nos
819 1100 1020 1166 dimisissent
1048 1121 1121 1165 cum
1143 1103 1241 1164 armis
1263 1101 1353 1164 exiro
1378 1100 1510 1163 civita-

321 1211 396 1268 tem.
434 1207 471 1268 in
493 1209 583 1269 exitu
603 1213 713 1270 autem
735 1209 825 1272 urbis
856 1206 1084 1272 descendimus
1112 1205 1154 1270 de
1181 1205 1279 1288 coiis,
1301 1205 1334 1268 in
1358 1223 1434 1287 quo
1455 1205 1509 1265 ci-

321 1311 409 1374 vitas
436 1314 500 1373 sita
522 1318 590 1393 est,
621 1311 655 1373 iu
676 1313 872 1394 campestris
893 1322 924 1375 et
946 1322 1060 1376 cotnra
1080 1309 1244 1374 meridiem
1271 1310 1509 1393 processimus

323 1424 356 1478 et
383 1415 565 1477 Bersabeae
605 1417 788 1500 civitatem,
834 1431 917 1500 quae
956 1418 1127 1481 terminum
1165 1415 1339 1480 australem
1391 1421 1509 1475 terreo

323 1526 458 1581 sauciae
485 1518 579 1601 iacit,
612 1537 678 1582 non
708 1520 805 1603 iunge
837 1521 878 1583 ad
917 1521 1085 1584 dexteram
1114 1521 1292 1583 habuimus.
1338 1517 1509 1601 'Cumque

323 1622 591 1685 iurerbonomm
620 1639 719 1704 sepes
749 1643 808 1706 per
828 1642 1030 1689 cornmuuem
1051 1632 1185 1688 stratam
1207 1641 1273 1688 non
1295 1624 1399 1706 iunge
1423 1639 1508 1704 pro·

324 1727 587 1809 cassivissemus,
610 1727 811 1792 minaverunt
844 1731 1007 1793 camelarii
1040 1728 1183 1794 camelos
1218 1736 1310 1791 extra
1337 1729 1434 1792 viem
1470 1728 1506 1788 in

325 1847 437 1912 agrum
457 1830 620 1914 quendam
642 1840 674 1894 et
706 1833 751 1902 ibi
771 1835 943 1916 prostratis
975 1833 1108 1896 camelis
1130 1852 1227 1896 onero
1248 1831 1447 1914 dejecerunt
1473 1839 1508 1892 et

325 1950 456 1997 munere
476 1936 520 1996 ibi
543 1945 747 2018 pernoctem
770 1937 998 2020 decreverunt,
1025 1937 1112 2022 quod
1133 1947 1238 2000 tamen
1260 1939 1355 2001 nobis
1378 1935 1506 2018 displi-

324 2040 408 2122 cuit,
446 2042 522 2122 quis
552 2040 686 2105 muitum
716 2041 823 2106 sdhuc
851 2041 892 2105 de
924 2042 976 2106 die
1002 2043 1171 2125 superfuit.
1222 2041 1356 2105 Ceiiuus
1388 2050 1503 2104 antem

325 2143 427 2225 major
448 2145 531 2208 dixit
564 2131 675 2229 uobis,
708 2146 792 2229 quod
816 2165 913 2219 onera
934 2148 1128 2211 camelorum
1150 2167 1214 2212 nou
1237 2156 1348 2210 essent
1372 2161 1504 2228 seque·
1545 2141 1552 2156 ’

326 2247 399 2312 iiter
433 2249 540 2312 divise
568 2259 599 2311 et
635 2250 719 2333 quod
745 2251 886 2335 jurgium
922 2261 1010 2315 esset
1039 2254 1122 2316 inier
1154 2253 1361 2334 camelarios,
1399 2251 1506 2334 igitur

325 2371 464 2417 necesse
486 2364 575 2417 esset
600 2357 706 2418 omnia
737 2356 885 2419 ordinare
911 2357 1078 2440 illusere,
1105 2376 1189 2441 quae
1209 2375 1267 2440 pro
1296 2359 1412 2442 quieta
1435 2372 1500 2417 ex·

326 2458 489 2540 pediiione
508 2461 609 2522 nostri
631 2460 698 2540 (b)
720 2464 882 2525 exereitus
914 2461 1114 2546 expedirent.
1151 2462 1297 2545 Campus
1316 2469 1440 2542 autem,
1466 2459 1501 2520 iu

327 2581 421 2645 quem
456 2563 706 2647 declinavimus,
739 2565 906 2630 dicebatur
938 2565 1112 2631 Gasmaba.
1155 2566 1396 2631 Descendimus
1421 2579 1503 2644 ergo

327 2665 369 2730 de
390 2668 491 2732 asinis
519 2677 552 2730 et
576 2669 714 2734 tentoria
734 2678 847 2734 nostra
866 2670 1005 2753 iiximus,
1021 2671 1083 2734 sub
1105 2673 1221 2755 quibus
1242 2674 1502 2756 quiesceremus.

328 2771 467 2850 Quidam
502 2783 608 2836 tamen
644 2795 703 2858 pro
730 2793 791 2838 sua
823 2776 932 2860 quiete
960 2776 1022 2838 sibi
1050 2779 1178 2860 propria
1205 2775 1391 2842 umbracuie
1429 2772 1502 2836 suis

326 2878 530 2942 vestimentis
553 2879 695 2943 iecerunt
717 2889 750 2943 et
770 2882 832 2943 sub
855 2881 905 2944 eis
926 2881 1126 2963 quieverunt.
1164 2882 1257 2945 ii'ixis
1277 2877 1509 2943 tabernaculis

329 2985 528 3047 extraximus
556 2984 597 3048 de
625 2986 758 3069 sepibus
786 2985 877 3068 iigua
909 2994 940 3048 et
966 2985 1113 3048 coximus
1141 3005 1198 3068 pro
1220 3003 1323 3049 coena
1344 2985 1450 3050 cibos.
1467 2989 1500 3044 et

327 3105 387 3168 pro
408 3089 543 3169 prandio
563 3090 627 3152 diei
648 3091 824 3172 sequentis.
849 3089 906 3152 Sic
927 3089 1014 3154 enim
1036 3088 1105 3152 fleri
1128 3099 1263 3173 oporiet,
1284 3089 1359 3171 quia
1379 3085 1498 3152 cameli

328 3195 454 3254 onerati
476 3211 605 3255 emano
625 3212 730 3276 usque
752 3192 793 3257 ad
812 3211 887 3256 sero
904 3195 1092 3257 continuant
1107 3211 1256 3277 gressum
1282 3211 1343 3256 nee
1360 3207 1498 3276 pausant

330 3303 387 3356 aut
409 3297 674 3381 interceptionem
695 3299 870 3381 patiuntur,
897 3308 930 3360 et
950 3297 1023 3361 ideo
1045 3300 1298 3361 concomitantes
1318 3315 1376 3360 eos
1398 3300 1496 3360 etiam

329 3399 514 3465 continuant
538 3410 570 3462 ei
593 3401 758 3483 prandium
781 3399 924 3464 sedendo
945 3403 979 3463 in
995 3403 1097 3465 esiriis
1117 3410 1247 3465 sumunt
1268 3411 1301 3464 et
1321 3417 1497 3482 numquam

329 3521 389 3584 per
415 3509 515 3565 totam
538 3504 657 3567 deserti
679 3507 767 3569 viam
793 3515 899 3589 poiesi
921 3508 1009 3568 sumi
1027 3506 1195 3588 prandium
1225 3506 1266 3569 de
1286 3507 1358 3568 cibo
1380 3505 1497 3584 calido,
1596 3491 1598 3499 ’

329 3614 386 3669 aut
408 3608 622 3694 quiescendo,
644 3611 703 3675 sed
721 3610 763 3675 de
782 3612 865 3675 cibis
885 3613 917 3675 iu
939 3613 1148 3676 sero'cociis.
1184 3610 1378 3674 Proiuiimus
1399 3613 1496 3672 etiem

331 3712 373 3776 de
393 3717 504 3778 saccis
523 3718 644 3778 uostris
658 3717 771 3780 viuum
792 3736 851 3798 pro
867 3734 968 3780 coena
988 3717 1043 3778 iiia
1066 3724 1100 3778 et
1113 3734 1172 3798 pro
1193 3714 1327 3797 prandio
1341 3715 1496 3793 crastino,

328 3817 477 3881 similiter
504 3828 538 3882 et
558 3824 751 3903 paximatius
778 3831 811 3886 et
842 3823 923 3886 baec
943 3821 1122 3905 eequaiiier
1148 3820 1317 3884 divisimus
1337 3819 1495 3903 singuiis3

331 3922 465 4006 quilibet
486 3922 597 3988 hebuit
617 3922 809 4011 flasconem,
832 3930 865 3990 iu
888 3946 983 4010 quam
1009 3926 1186 4008 portionem
1210 3927 1278 3990 viui
1307 3925 1494 4007 accipiebat.

331 4025 444 4091 Coena
465 4038 595 4113 parata,
627 4049 723 4114 quam
757 4031 798 4095 ad
829 4051 927 4094 unum
950 4033 1056 4113 iguem
1079 4032 1240 4112 coximus,
1269 4029 1330 4094 sub
1352 4027 1496 4092 tentoriis

331 4133 452 4197 nostris
478 4134 684 4199 consedimus
706 4146 738 4199 et
760 4135 1042 4217 manducavimus3
1077 4136 1268 4218 praemoniti
1296 4142 1403 4197 autem
1432 4131 1496 4194 nri·

331 4255 414 4322 mus,
435 4257 477 4301 ne
498 4257 649 4324 uinquam
671 4257 782 4304 omnes
803 4241 898 4304 simui
916 4241 957 4303 ad
980 4240 1198 4308 dormiendum
1217 4259 1277 4304 nos
1293 4251 1495 4322 poneremus,

330 4341 390 4408 sed
413 4361 541 4429 semper
570 4344 686 4428 aiiquis
708 4343 749 4406 de
785 4347 965 4429 peregrinis
997 4347 1076 4429 vigii
1110 4349 1286 4422 exercitum
1317 4343 1495 4407 circumiret
