3202 5218
852 321 915 384 484

388 500 636 583 Coosequenter
656 517 677 562 a
698 499 771 563 loeo
794 500 960 584 pmealieto
987 520 1048 568 uos
1073 501 1251 566 avertimus
1279 507 1314 562 et
1342 499 1471 564 deseen-

302 605 407 671 tlen'do
429 607 463 667 in
485 601 604 666 vallem
627 602 714 667 illam
737 605 835 669 latam
863 617 894 672 et
917 611 1092 690 spatiosam
1115 607 1285 688 venimus,
1306 623 1364 686 per
1383 622 1470 688 qua·

300 711 418 776 nudius
440 709 555 774 temtus
576 709 768 772 intravimus
789 710 831 773 ad
853 713 1080 775 monasterium
1102 710 1138 773 S.
1162 708 1370 790 catharinae,
1392 711 1470 772 sieut

300 817 437 882 habetor
458 832 556 898 supra
580 813 635 876 l'ol.
657 813 709 896 40,
744 831 775 882 a.
804 817 832 878 b.
861 816 922 880 Est
943 825 1049 879 eutem
1072 815 1169 878 vallis
1190 833 1328 878 amoene
1349 823 1380 875 et
1399 830 1472 895 spa-

299 923 386 984 tiosa
406 939 465 1004 per
495 917 622 982 modum
656 918 762 980 oruois
789 919 874 982 iuter
910 929 1061 984 montana
1087 937 1235 1002 expensa
1263 929 1297 980 et
1331 917 1472 1001 quamvis

299 1029 365 1090 siut
391 1032 517 1088 montes
538 1041 596 1104 per
617 1023 785 1086 olrouitum
806 1021 882 1101 (54
892 1030 938 1102 a)
959 1023 1027 1108 alti,
1048 1034 1123 1088 snut
1145 1035 1255 1088 tamon
1278 1021 1381 1086 vallos
1401 1018 1473 1084 olari

299 1141 333 1194 et
370 1128 468 1192 luotdi
500 1137 633 1211 propter
666 1127 851 1191 distantiam
891 1132 1046 1194 montium
1077 1131 1117 1192 ab
1161 1129 1322 1209 iuvioem3
1350 1123 1470 1209 quando

299 1243 413 1298 esseut
440 1250 546 1317 equae
571 1233 604 1294 iu
626 1231 683 1294 illa
704 1233 847 1314 regione,
866 1243 955 1296 esset
979 1234 1096 1298 nobilis
1117 1253 1175 1317 pro
1197 1235 1361 1298 hominum
1383 1229 1471 1292 ioha-

298 1341 465 1420 bitatioue,
485 1356 543 1420 pm
559 1337 686 1400 nivibus
708 1345 740 1399 et
758 1336 855 1400 villis.
884 1339 921 1400 lu
935 1338 988 1402 his
1007 1339 1147 1402 vallibus
1160 1335 1380 1403 castrametati
1399 1340 1471 1396 suut

299 1439 360 1506 iiiii
392 1439 512 1523 lsrael,
544 1451 713 1525 postquam
744 1459 836 1504 mare
867 1445 997 1507 rubmm
1035 1445 1250 1526 transierunt,
1272 1451 1309 1506 ut
1342 1440 1471 1503 habetur

297 1545 405 1610 Exodi
434 1545 523 1607 xxi.
567 1545 696 1608 Dicitur
721 1549 828 1608 antem
852 1548 941 1629 regio
972 1548 1028 1611 illa
1049 1548 1213 1612 desertum
1238 1547 1343 1632 Syuai
1374 1563 1393 1608 e
1421 1561 1470 1606 re-

296 1652 394 1734 gione
415 1651 535 1714 montis
554 1648 678 1734 Syuai,
699 1651 732 1714 iu
754 1669 820 1734 qua
841 1650 898 1714 lilii
919 1651 1020 1714 bruel
1050 1672 1108 1736 pro
1129 1651 1244 1735 majori
1265 1659 1358 1736 parte
1384 1647 1470 1712 habi·

296 1764 449 1821 taveruut
471 1757 505 1815 iu
527 1753 593 1816 illis
614 1754 676 1816 Xla
698 1755 804 1836 anuis,
823 1773 906 1838 quos
937 1775 998 1838 per
1019 1759 1192 1824 Dominum
1215 1755 1340 1820 detenti
1362 1755 1394 1816 iu
1414 1750 1469 1814 de·

296 1871 385 1924 sesto
407 1860 545 1927 luerunt.

379 2012 618 2077 Descendimus
650 2029 728 2096 ergo
760 2015 940 2100 inlocum,
963 2015 1143 2081 ubivailes
1176 1995 1413 2079 uouiveotuutur
1439 2013 1469 2067 et

294 2117 348 2181 ubi
372 2136 492 2202 magua
512 2113 648 2182 latitudo
682 2127 734 2181 ast
757 2129 788 2182 et
821 2120 982 2203 planities.
1025 2123 1073 2184 lbi
1107 2121 1249 2184 vidimus
1281 2119 1466 2181 eminentem

295 2233 436 2306 petram,
458 2241 544 2306 quae
573 2232 643 2286 erat
674 2222 864 2288 admodum
888 2225 1061 2288 cathedrae
1090 2223 1330 2308 praedicantis,
1350 2222 1382 2282 iu
1409 2231 1467 2300 qua

295 2327 410 2390 dieunt
433 2328 575 2411 Moysen
598 2330 731 2392 stetisse
758 2339 790 2391 et
813 2330 915 2394 verba
945 2331 1073 2394 Domini
1102 2329 1218 2414 populo
1246 2323 1469 2412 pronuntiasse

294 2439 329 2493 et
354 2429 459 2513 legem
482 2431 544 2493 sibi
579 2427 725 2494 traditam
748 2435 975 2518 promulgasse
996 2443 1030 2498 et
1061 2433 1219 2518 apopuio
1241 2433 1287 2497 ibi
1319 2439 1468 2511 responsa

294 2538 477 2622 accepisse
502 2545 535 2598 et
556 2535 627 2598 Deo
657 2539 689 2600 in
718 2548 856 2601 montem
879 2540 1030 2603 retulisse
1059 2549 1092 2602 et
1112 2539 1243 2602 Domini
1257 2535 1467 2632 &voluntatem

295 2639 339 2704 ibi
363 2641 550 2748 frequenter
570 2643 782 2725 proposuisse
801 2644 920 2727 populo
942 2644 1053 2708 lsrael.

347 2767 454 2856 'Fuit
475 2767 624 2860 protecto
650 2767 743 2860 loous
763 2769 804 2832 ad
825 2769 1073 2853 praedicandum
1087 2780 1182 2854 optus
1205 2778 1235 2832 et
1257 2766 1394 2830 interius
1412 2775 1465 2843 pru

291 2871 410 2958 populo
431 2873 530 2937 valde
551 2874 734 2958 spatiosus,
756 2874 842 2957 quod
864 2891 1002 2940 neeesse
1022 2884 1105 2957 emt,
1127 2873 1203 2956 quia
1221 2871 1364 2956 populus
1385 2861 1464 2928 mul·

291 2985 346 3042 tus
364 2979 442 3064 luit,
463 2979 590 3042 scilicet
610 2989 765 3044 sexcenta
786 2979 887 3041 millia
906 2978 1050 3062 peditum
1072 2979 1226 3060 urorum,
1248 2977 1374 3060 absque
1394 2985 1465 3052 pst·

289 3083 378 3146 vulis
401 3093 434 3146 et
450 3083 650 3154 mulieribus.
682 3084 749 3147 S'ad
764 3093 798 3147 et
818 3085 938 3170 vulgus
958 3085 1175 3168 promiscuum
1190 3089 1224 3144 et
1237 3069 1463 3144 innumerabile

291 3185 440 3250 aseendit
462 3205 534 3248 oum
557 3189 615 3270 eis,
629 3207 711 3251 oves
732 3199 764 3252 et
786 3199 930 3252 armenta
944 3199 975 3254 et
996 3189 1170 3252 animantia
1183 3185 1306 3249 diversi
1327 3178 1462 3269 generis,

289 3288 389 3354 muita
404 3290 514 3372 nimis,
536 3301 570 3356 nt
592 3293 728 3358 habetur
748 3292 862 3356 Exodi.
888 3295 938 3358 12.

375 3444 413 3506 ln
436 3443 499 3506 hoo
520 3441 603 3524 loeo,
623 3445 698 3528 quia
717 3444 805 3507 tatus
826 3454 858 3508 et
880 3445 1044 3527 spatiosus
1066 3454 1117 3508 est
1146 3453 1177 3508 et
1198 3442 1240 3508 ad
1261 3459 1336 3506 eum
1358 3445 1463 3502 omns·

288 3545 393 3611 valles
414 3566 474 3631 per
504 3539 620 3630 gyrum
651 3548 772 3612 habeut
794 3557 1017 3632 prospectum,
1039 3549 1096 3613 lilii
1128 3547 1229 3614 lsrael
1252 3550 1285 3610 iu
1317 3537 1461 3610 oomnis

287 3653 429 3737 Moysis,
444 3652 574 3737 quaudo
595 3663 663 3718 erat
687 3673 759 3718 oum
775 3655 914 3719 Domino
931 3655 964 3718 iu
986 3665 1108 3732 moute,
1124 3671 1220 3716 aureo
1243 3651 1356 3732 vitulo,
1377 3636 1457 3730 qnod

289 3756 413 3820 isserat
445 3759 495 3821 eis
515 3759 643 3843 Aaron,
664 3760 932 3824 sacrificaverunt
962 3769 995 3823 et
1024 3777 1082 3843 per
1103 3759 1176 3842 ejus
1196 3757 1364 3820 circuitum
1387 3743 1459 3813 nudi

287 3861 540 3946 obstinaverant
570 3873 603 3927 at
634 3873 731 3926 totam
765 3864 892 3948 plebem
925 3863 967 3926 (le
994 3866 1143 3927 omuibus
1177 3862 1397 3925 mansionibus
1426 3854 1457 3911 οἱ

287 3969 435 4032 tentoriis
457 3979 737 4051 congregaverunt
768 3971 811 4032 ad
831 3971 1068 4034 solemnitatem
1090 3967 1185 4031 vituli
1207 3959 1455 4048 proclamantes:

286 4072 320 4136 hi
352 4082 428 4136 sunt
462 4073 506 4136 dii
536 4071 734 4155 tui,1srael,
765 4075 820 4156 qui
849 4083 884 4136 te
915 4073 1095 4137 eduxerunt
1126 4073 1168 4136 (le
1197 4081 1284 4134 terra
1304 4058 1454 4150 Aegypti

286 4177 397 4260 Aliqui
415 4177 513 4239 etiam
533 4175 575 4238 de
602 4177 767 4259 priuotbus
785 4187 818 4241 et
841 4176 1024 4244 senioribus
1042 4179 1085 4244 ‚iu
1105 4178 1212 4245 looum
1233 4169 1454 4242 amnuerunt,

284 4283 339 4346 ubi
359 4283 496 4366 Moyses
518 4282 687 4345 cousuevit
703 4289 791 4343 stare
812 4282 853 4345 ad
867 4282 1094 4368 alloquendum
1113 4281 1264 4365 poputum
1286 4287 1319 4340 et
1340 4269 1455 4361 populu

284 4386 421 4450 vituium
443 4387 744 4451 demonstraveruut
766 4383 807 4448 ed
825 4383 869 4448 ad
891 4383 1089 4453 adoraudum
1108 4405 1182 4451 enm
1203 4383 1422 4448 exhibuerunt·
