3240 5222
276 453 490 517 subtraxerat.
534 447 746 513 Alexandrini
766 455 892 530 autern,
915 463 989 510 eun
1011 447 1099 512 nullo
1129 455 1227 532 poeto
1249 447 1443 514 Christianis

275 558 393 640 snbjioi
411 554 545 636 vellent,
565 553 730 618 Almnrioo
749 569 788 618 se
808 553 1275 638 baooonditioneoornmisere,
1297 562 1333 618 ut
1348 554 1443 638 pulso

275 672 413 746 tyranno
434 660 468 722 in
489 658 624 724 Saturni
644 653 837 742 potestatem
858 678 917 742 per
948 677 1027 722 suus
1056 675 1174 722 manns
1202 658 1442 722 reducerentur.

275 765 460 829 Almarious
487 763 600 848 itaque
630 767 756 848 aooepit
788 782 808 829 a
837 763 1039 848 supradicto·
1055 763 1198 828 Soldano
1222 763 1444 847 quadraginta

275 888 445 934 aureorum
475 868 574 931 millia
595 882 629 932 et
650 869 776 952 expulit
796 868 998 953 Syraeenum
1026 870 1067 932 ab
1097 868 1250 952 Aegypto
1282 877 1318 932 et
1338 869 1445 931 Alex-

276 975 420 1040 andriam
434 972 578 1037 Soldnno
599 976 749 1037 restitnit.
792 975 836 1037 lit
856 975 917 1060 fuit
938 973 1053 1037 foedus
1073 977 1164 1056 panis
1183 973 1341 1038 firmatum
1360 975 1444 1036 inter

273 1075 390 1164 regem'
405 1079 550 1162 Aegypti
578 1086 612 1142 et
646 1095 755 1162 regern
776 1079 970 1161 Jerusalem,
1002 1085 1036 1140 et
1056 1078 1086 1140 si
1114 1078 1229 1142 foedus
1259 1077 1339 1142 illud
1368 1095 1444 1142 ser·

273 1193 385 1248 vatum
407 1184 536 1265 inisset,
568 1202 664 1247 nemo
686 1203 822 1267 regnum
848 1183 1157 1266 ierosolymitanum
1188 1200 1339 1266 nmquam
1371 1201 1444 1244 rno-

274 1290 436 1352 lestasret.
481 1285 549 1352 Sed
584 1306 721 1371 serpens
748 1291 918 1373 antiquus,
959 1288 1015 1373 qui
1038 1289 1185 1378 ,seminat
1211 1288 1294 1351 inter
1326 1287 1443 1350 iratres

272 1392 478 1474 diseordiarn,
500 1381 696 1457 Almurieur'n
720 1403 753 1456 et
774 1393 951 1457 Soldanum
974 1394 1134 1458 dissolvit.
1183 1392 1332 1474 Pereepit
1357 1393 1441 1454 enirn

272 1518 331 1562 rex
341 1497 535 1578 Almarieus,
557 1498 643 1580 qnod
657 1496 821 1562 Soidanus
840 1499 1003 1563 oooultum
1024 1507 1198 1562 tractatum
1217 1498 1352 1561 haberet
1368 1513 1442 1560 oum

271 1602 456 1685 Syruorno,
477 1608 619 1685 tyranno
642 1605 830 1684 Turdorum,
853 1621 947 1686 quem
970 1621 1073 1686 nuper
1104 1604 1144 1666 ab
1166 1603 1320 1686 Aegypto
1347 1601 1443 1684 fuga-

272 1706 481 1790 verrt,·uude
500 1706 638 1770 oolleeto
659 1709 806 1772 exercitu
829 1707 996 1771 deseendit
1011 1728 1069 1790 per
1083 1707 1246 1771 desertum
1257 1709 1290 1769 in
1305 1705 1444 1789 Aegyp-

273 1820 348 1874 tum,
364 1821 398 1874 et
420 1812 525 1895 eaptis
536 1812 696 1896 aliquibus
705 1812 849 1898 Aegypti
862 1813 990 1897 oppidis
1001 1811 1165 1896 Cbayrum
1187 1813 1298 1876 urbem
1320 1811 1443 1894 regiam

273 1917 595 2001 potentissimumque
614 1917 749 1981 obsedit.
795 1916 958 1981 Soldenus
980 1926 1086 1980 autem
1110 1919 1198 2000 regis
1220 1918 1360 1979 animum
1380 1933 1443 1997 pe-

274 2021 441 2085 euniarum
454 2021 605 2103 cupidum
618 2022 885 2103 promissionibus
907 2025 1076 2084 enervavit
1096 2021 1252 2083 inlinitum
1273 2021 1442 2103 pecuniam

274 2126 305 2188 ei
326 2123 467 2188 tradens.
510 2125 610 2203 Nam,
631 2135 668 2188 ut
690 2124 803 2190 dieunt
823 2125 933 2210 aliqui,
956 2145 1124 2190 eureorurn
1138 2125 1286 2208 vigesies
1304 2132 1443 2187 centena

273 2229 383 2312 millia,
405 2227 492 2312 qnod
515 2231 573 2293 vix
593 2231 740 2313 Aegypti
763 2248 898 2313 regnnm
918 2216 1105 2315 persolvero
1135 2240 1258 2312 posset,
1287 2229 1442 2312 promisit,

227 2336 228 2339 ’
272 2336 306 2398 in
328 2340 457 2416 promtu
478 2341 585 2396 tamen
613 2335 644 2396 ei
675 2334 766 2398 dedit
798 2345 926 2400 eentum
961 2334 1059 2399 millia
1088 2352 1269 2417 aureorum,
1296 2343 1332 2396 ut
1363 2350 1443 2398 use

273 2435 450 2501 reeederet.
495 2435 642 2518 Aeoepta
658 2448 763 2500 autem
779 2443 918 2521 peeunia
938 2441 1036 2503 solvit
1059 2438 1258 2502 obsidionem
1278 2437 1442 2522 ecbayro

276 2551 310 2605 et
330 2542 418 2605 oiroa
438 2541 566 2604 bortum
587 2541 722 2604 belsami
743 2554 852 2608 erstra
872 2544 1039 2608 coustituit
1067 2552 1100 2606 et
1121 2542 1276 2607 ordinatis
1303 2543 1442 2626 agmini-

273 2649 335 2710 bus
369 2648 403 2708 in
437 2645 568 2728 propriu
598 2645 693 2710 rediit
719 2654 754 2711 et
776 2657 841 2712 tarn
862 2648 1008 2732 Aegypti
1039 2665 1135 2730 quom
1167 2647 1321 2712 Damasei
1346 2665 1442 2730 reges

272 2751 422 2815 inimicos
445 2750 567 2820 habuit.

355 2856 436 2919 Post
457 2856 539 2919 liaeo
558 2856 732 2939 imperator
753 2853 951 2920 Graeoorum
982 2857 1023 2919 de
1045 2853 1326 2936 Constantinopoli
1348 2854 1441 2938 eogi-

273 2963 368 3042 isvlt,
381 2960 569 3044 Aegyptum
581 2976 641 3022 suo
655 2961 788 3043 irnperio
795 2960 943 3044 jungere,
960 2969 995 3024 et
1007 2961 1146 3024 olessem
1160 2976 1320 3040 magnam,
1333 2959 1366 3022 in
1377 2977 1442 3040 qua

275 3075 404 3129 eentum
428 3065 661 3148 quinquaginta
682 3071 775 3127 erant
797 3076 955 3129 rostratae
976 3084 1080 3128 neves
1105 3074 1137 3127 et
1158 3065 1326 3126 onerariae
1338 3062 1440 3144 Lllll,

272 3171 362 3232 roisit
383 3169 417 3230 in
436 3167 563 3250 Syriam
596 3175 630 3228 et
651 3166 812 3231 dominnm
836 3169 1031 3231 Almarionm
1063 3183 1172 3249 regern
1193 3166 1374 3229 Jerusalem
1407 3167 1441 3228 in

272 3271 464 3354 adJutorium
486 3270 668 3333 advocavit.
706 3271 955 3335 Descenderunt
974 3291 1054 3355 ergo
1076 3291 1148 3336 enm
1171 3272 1274 3354 oopiis
1295 3270 1441 3332 terrestri

274 3385 308 3438 et
329 3376 451 3436 marino
471 3375 588 3437 itinere
609 3376 644 3435 ln
676 3373 864 3458 Aegyptum
891 3385 927 3438 et
946 3376 1128 3439 Damlatarn
1150 3374 1362 3456 obsederunt,
1381 3371 1440 3436 sed

272 3478 351 3543 nibil
374 3477 533 3560 proiioere
560 3487 709 3561 poterant
740 3480 846 3543 etita
875 3498 939 3543 non
961 3498 1062 3563 parvo
1083 3487 1276 3544 noeumento
1303 3487 1439 3560 aeoepto

272 3583 313 3647 ad
336 3583 464 3667 propriu
485 3583 656 3646 redierunt.

355 3685 504 3750 Surrexit
526 3688 623 3750 etiam
644 3705 702 3749 rex
722 3703 830 3750 novus
848 3688 1046 3776 inAegypto
1067 3687 1352 3767 fortunatissimus,
1374 3685 1440 3748 Ια-

271 3789 401 3854 ladinus
419 3791 536 3875 dietus,
554 3809 654 3872 saepe
664 3791 696 3854 in
709 3793 923 3874 sequentibus
940 3791 1163 3876 nominandus,
1174 3801 1207 3854 et
1217 3809 1344 3854 ornnem
1362 3808 1440 3871 pro-

268 3896 397 3979 geniem
415 3893 574 3978 Celiplrae
599 3901 635 3958 et
669 3879 784 3978 regunt
802 3895 912 3980 gladio
935 3897 1211 3961 transverberavit
1232 3904 1265 3959 et
1283 3903 1351 3984 tarn
1368 3894 1439 3955 Ae-

269 4000 363 4082 gypti
384 4017 479 4082 qnam
502 3999 621 4082 lysiae
642 4017 741 4082 regua
760 3999 917 4082 possedit,
939 4019 1001 4064 noo
1021 4003 1147 4084 quievit
1167 4003 1201 4064 iu
1223 4001 1338 4064 diebus
1358 4000 1438 4082 suis,

268 4095 446 4188 quousque
461 4105 656 4189 quantocius
678 4104 810 4167 orientis
830 4101 1002 4171 dominium
1028 4115 1207 4189 usurparet.
1248 4105 1327 4168 Errt
1352 4105 1438 4166 enirn

267 4211 321 4274 vir
340 4208 425 4272 aeris
458 4207 579 4291 ingenii
585 4252 596 4290 ,
618 4207 651 4268 in
685 4207 786 4269 armis
811 4215 980 4295 strenuus,
1012 4208 1263 4291 oonsilioaltus,
1296 4205 1438 4271 liberalis

267 4327 368 4395 supra
398 4309 541 4392 modum,
575 4310 714 4373 maxime
746 4311 782 4372 in
813 4311 902 4374 viros
938 4313 1109 4398 militares,
1140 4314 1174 4377 in
1213 4327 1297 4396 quos
1330 4311 1438 4374 omnia
