3202 5218
689 261 751 326 but

218 447 281 506 Per
304 441 401 504 maris
421 440 569 504 immensi
592 451 761 524 terraeque
782 441 925 523 pericula
945 454 1093 526 poscunt,

261 548 303 611 Ut
324 544 456 608 valeant
475 547 596 625 patrios
618 547 677 611 tuti
698 545 810 609 uidere
834 545 930 608 lares.

215 652 267 713 De
289 649 363 712 aliis
392 649 517 714 duabus
542 651 753 714 societatibus
784 667 913 712 carmen
942 651 1103 712 conficere
1130 649 1310 733 inceperet,

135 755 196 818 sed
212 752 399 837 perficiendi
419 761 547 836 tempus
559 774 623 818 nou
642 731 781 818 vaeibat
801 755 1118 837 propteriustantern
1134 771 1309 816 recessum.

219 859 333 922 Multis
353 855 505 940 precibus
526 860 635 922 insteti
654 858 740 941 apud
760 859 939 942 praelatum
956 856 1118 920 dominum
1139 859 1310 939 rhetorem,

6 1023 8 1038 ,
62 961 67 968 ’
135 973 170 1026 ut
191 965 224 1026 iu
246 963 389 1025 carmine
410 971 520 1026 nostro
550 964 638 1028 illum
670 966 859 1046 terminum,
893 962 1017 1045 glorio,
1049 970 1202 1043 mutaret,
1235 961 1311 1044 quia

135 1087 199 1131 nou
220 1066 347 1130 videtur
368 1084 547 1148 congruere
576 1087 637 1131 nec
665 1070 833 1133 veritatem
862 1069 1051 1150 importare;
1078 1066 1137 1129 sed
1160 1066 1306 1128 obtinere

136 1191 201 1235 non
221 1173 319 1254 potui.
357 1169 394 1232 Si
416 1173 518 1253 etnim,
541 1173 654 1255 iuquit,
677 1173 847 1236 veritatem
871 1172 1054 1234 nonhabet
1076 1173 1109 1234 in
1131 1168 1307 1253 proposito,

136 1271 232 1336 habet
252 1274 284 1335 in
307 1278 473 1358 opposito,
495 1276 581 1360 quod
607 1278 737 1360 scripsi,
758 1278 884 1361 scripsi.

220 1378 331 1441 'l'crtia
353 1380 512 1464 ecclesia,
535 1399 620 1464 quae
642 1390 750 1443 tamen
773 1400 837 1443 nou
868 1379 963 1442 debet
990 1396 1051 1441 uec
1081 1387 1223 1443 meretur
1245 1377 1308 1441 dici

135 1481 295 1564 ecclesia,
323 1492 375 1545 est
396 1482 646 1568 Saracenorum
681 1483 858 1548 infidelium
892 1484 1063 1565 muschea,
1093 1493 1145 1546 est
1177 1499 1305 1565 magua,

138 1584 313 1667 quadrata,
344 1603 417 1649 cum
455 1589 534 1651 turri
571 1589 701 1652 excelsa
731 1597 763 1652 et
796 1604 942 1670 annexa,
978 1588 1011 1649 iu
1041 1606 1105 1669 qua
1133 1605 1222 1650 moro
1243 1604 1303 1648 suo

135 1688 334 1769 proclamant
354 1690 550 1755 Machomcti
572 1694 753 1774 praeconia.
798 1693 893 1756 llaec
914 1692 1070 1756 muschea
1089 1699 1154 1752 stat
1176 1690 1208 1752 in
1232 1707 1303 1751 00-

137 1791 206 1874 dio,
228 1793 313 1855 inter
334 1792 505 1856 ecclesiam
525 1813 675 1877 graecam
699 1805 730 1858 ct
750 1796 894 1880 latinam,
912 1807 1074 1879 tamquam
1091 1793 1305 1877 principalior.

135 1899 173 1958 ln
199 1898 282 1961 hauc
303 1907 448 1979 tempore
469 1900 637 1986 absentiae
658 1900 800 1962 Arabum
822 1900 916 1961 etiam
936 1900 1078 1982 ingressi
1096 1898 1225 1981 luimus,
1247 1896 1308 1960 sed

136 2001 257 2064 nullam
281 2002 433 2085 gratiam,
468 2003 588 2068 nullam
610 2004 833 2086 devotionem,
868 2003 986 2066 nullam
1016 2001 1249 2084 indulgentiam
1272 2004 1305 2063 in

3 2147 6 2160 .
136 2122 176 2166 ea
197 2106 391 2188 reperimus,
414 2106 473 2169 sed
495 2093 622 2172 domum
646 2125 800 2190 vacuom,
823 2085 1163 2191 periotes'doalbatos,
1185 2105 1306 2166 nullum

2 2282 7 2303 .
136 2209 239 2272 altare
271 2211 315 2273 ibi
340 2211 540 2295 invenimus,
574 2213 652 2296 quia
682 2213 787 2276 solum
814 2211 903 2276 inani
925 2211 985 2274 ritu
1017 2209 1174 2272 solvendo
1196 2210 1307 2291 ingre-

135 2313 274 2378 diuntur.
318 2314 416 2378 Aliae
437 2325 621 2380 conuentus
643 2317 793 2380 cilicinae
814 2324 890 2380 suut
918 2333 1041 2398 parvae
1062 2321 1094 2376 et
1116 2315 1254 2377 miserae
1275 2320 1308 2374 ct

134 2418 272 2482 cellulae
302 2420 459 2503 exiguae,
497 2419 539 2483 dc
567 2421 778 2484 arundinibus
811 2426 982 2484 contextae
1002 2427 1034 2481 ct
1057 2418 1125 2482 luto
1147 2419 1305 2482 obductae

1 2506 4 2612 J
135 2531 168 2584 et
188 2540 287 2605 super
307 2539 345 2584 se
365 2525 505 2587 invicem
531 2526 677 2608 innixae,
699 2525 917 2606 inordinatae,
940 2532 971 2586 et
995 2533 1070 2587 sunt
1092 2523 1307 2586 domunculae

134 2627 219 2690 sicut
252 2627 461 2690 tabernacula
492 2639 655 2712 pastorum
689 2638 723 2692 ct
761 2629 889 2712 tuguria
931 2627 1112 2708 hortorum3
1145 2626 1306 2711 dependet

135 2731 220 2792 enim
242 2733 469 2794 morrasterium
492 2752 549 2816 pro
575 2738 720 2817 partein
742 2731 1074 2797 clivomontioOreh
1105 2740 1137 2794 et
1169 2731 1306 2794 cellulae

134 2832 266 2896 altiores
287 2833 370 2911 (oo
381 2837 427 2918 ta)
449 2839 580 2902 innixae
603 2849 677 2904 sunt
710 2837 915 2904 interioribus
938 2847 971 2902 et
992 2836 1166 2918 sibiipsis
1187 2853 1305 2916 super-

137 2940 266 3020 positae
287 2947 321 3001 et
342 2941 598 3028 conglutinatae,
627 2947 711 3009 sicut
731 2944 798 3007 nidi
819 2939 1031 3006 hirundinum.
1076 2941 1168 3003 llaec
1189 2937 1306 3001 uidens

132 3043 273 3124 cogitavi
293 3041 333 3106 de
354 3045 480 3122 Tarso,
502 3046 570 3110 illio
588 3048 682 3132 coeli,
704 3046 746 3111 de
765 3066 828 3130 quo
849 3046 960 3108 scribit
980 3044 1107 3108 Plinius
1127 3043 1206 3107 libro
1229 3043 1303 3106 Na-

134 3146 247 3210 turalis
268 3147 442 3233 Hlstoriae,
467 3149 552 3234 quod
573 3153 645 3235 ipse
667 3156 817 3216 inuentor
835 3151 893 3214 luit
916 3151 1039 3233 primus
1060 3148 1138 3212 lutei
1158 3147 1308 3231 aedilicii,

134 3253 282 3336 exemplo
311 3263 418 3318 sumto
439 3257 479 3318 ab
499 3255 736 3340 hirundinibus3
758 3258 898 3321 nondum
921 3257 1006 3318 euim
1033 3253 1201 3318 architecti
1223 3271 1304 3316 oon-

133 3365 318 3422 struxerant
338 3360 468 3441 palatia.
498 3361 589 3424 lllum
610 3363 762 3426 humilem
785 3362 912 3450 modum
935 3358 1140 3424 domilicandi
1159 3359 1303 3422 illustres

134 3463 261 3545 antiqui
282 3471 313 3524 et
334 3465 492 3548 praecelsi
514 3466 690 3530 Christiani
711 3484 771 3530 suo
793 3468 1009 3530 observabant
1033 3475 1186 3547 tempore.
1220 3463 1305 3524 Nam

134 3563 296 3639 Romulus
318 3566 468 3634 fundator
489 3573 578 3635 urbis
609 3571 734 3635 Romae
760 3573 792 3632 in
815 3587 914 3653 parva
938 3571 1103 3634 habitabat
1131 3585 1218 3630 casa.
1263 3567 1305 3630 Et

110 3670 298 3734 ‘Abraham
332 3667 388 3735 ille
419 3673 591 3756 praedives
625 3678 657 3736 in
690 3684 777 3737 terra
812 3675 1039 3755 promissionis
1077 3671 1240 3734 habitabat
1271 3671 1305 3732 in

120 3771 267 3859 ¹casulis,
288 3786 323 3839 ut
344 3776 461 3841 dicitur
483 3779 583 3841 Hebr.
599 3779 669 3860 xl,
688 3779 728 3840 ad
751 3796 844 3861 quem
866 3777 973 3862 angeli
993 3777 1140 3856 hospites
1161 3773 1306 3838 divorte·

134 3882 228 3962 baut,
250 3889 284 3946 ut
300 3882 437 3947 habetur
458 3880 580 3954 Genea.
605 3885 653 3948 18.
676 3885 722 3946 Et
743 3881 908 3964 Diogenes
930 3879 1141 3964 philosophus
1162 3881 1195 3942 in
1218 3877 1304 3942 dolio

135 3987 324 4068 quiescebat
343 4006 486 4069 semper,
509 4008 647 4071 eumque
667 3987 844 4052 secundum
878 4003 977 4052 aurae
1003 3989 1111 4049 ilatum
1145 3985 1304 4064 vertebat,

135 4099 227 4169 prout
249 4091 312 4154 sibl
339 4094 538 4156 conveniens
560 4105 640 4158 erat.
685 4092 823 4158 Ovidius
854 4093 950 4156 etiam
983 4093 1094 4174 lingit,
1123 4087 1208 4172 quod
1241 4088 1304 4150 duo

133 4209 231 4254 senes
251 4210 414 4276 pauperos
435 4197 608 4262 Palaemon
630 4207 662 4262 et
683 4199 826 4279 llarithi,
850 4196 1014 4260 habebant
1034 4194 1194 4276 tugurium
1217 4201 1304 4254 stra-

135 4294 272 4360 minibus
293 4301 549 4386 coopertum3ad
571 4305 631 4366 hos
650 4301 848 4366 diverterunt
865 4298 919 4381 dil,
930 4297 1057 4382 Jupiter
1071 4306 1101 4358 ct
1113 4297 1307 4378 Mercurius,
