3240 5222
156 461 312 512 moerus
332 455 385 510 est
404 443 590 508 Jerusalem
619 445 730 509 caesis
749 454 784 509 et
801 427 933 510 amissio
956 463 999 508 ex
1019 445 1091 508 suis
1119 462 1185 510 non
1204 447 1329 529 pausia

155 551 256 622 Fiunt
274 551 358 616 baso
378 557 457 613 nota
470 549 619 613 Romus
639 550 787 616 Pontifici
807 550 956 634 fingenio
977 550 1044 632 lll.,
1065 547 1122 633 qui
1142 549 1231 616 viros
1252 553 1331 618 reli·

156 658 269 740 giosos
289 654 331 718 ad
353 653 509 718 divorsas
539 654 719 722 occidentis
739 665 849 739 partas
870 654 986 718 direxit
1015 653 1057 717 ad
1078 653 1330 721 denuntiandum

157 761 415 828 Christianorum
436 759 637 823 orientalium
660 777 844 847 pressuras,
863 761 948 823 inter
968 776 1050 843 quos
1070 758 1122 822 vir
1141 759 1330 826 immortalis

157 866 330 932 memoriae
352 867 467 928 beatus
493 863 704 928 llernbardus
725 867 827 929 abbas
849 865 890 928 ad
912 864 1154 928 exsecutionem
1185 863 1327 948 eligitur,

156 973 213 1058 qui
233 979 319 1034 tanto
340 969 471 1034 fervore
502 969 723 1054 praedicavit,
760 980 794 1032 ut
817 979 881 1032 tam
914 969 1066 1032 nobilium
1099 987 1194 1052 quam
1223 970 1328 1055 plebis

158 1077 253 1141 favos
272 1075 423 1159 gratuitis
452 1075 730 1139 exhortationibus
752 1075 824 1158 ejus
842 1082 1059 1157 spontaneum
1079 1077 1248 1157 praeberet
1269 1096 1326 1142 as·

158 1199 290 1246 sensum
328 1187 363 1241 et
384 1181 446 1242 iter
481 1198 599 1243 versus
627 1179 810 1243 Jerusalem
843 1180 1142 1261 compromiserunt.
1180 1182 1327 1248 lllustres

155 1294 325 1370 praeterea
347 1284 418 1364 viri,
441 1283 589 1347 dominns
600 1283 770 1348 conradus
790 1285 840 1367 ll.,
862 1301 984 1366 genere
998 1283 1141 1368 Suevos,
1159 1285 1327 1351 Romano-

156 1410 224 1455 rum
245 1390 438 1472 imperator,
460 1395 493 1450 et
515 1388 663 1452 dominus
694 1387 892 1473 Ludovicns,
920 1409 978 1452 rex
1013 1389 1229 1475 Francorum,
1253 1411 1327 1456 cnm

155 1494 265 1560 multis
287 1494 458 1575 utriusque
478 1492 588 1575 populi
618 1494 820 1576 principibus
841 1496 905 1556 iter
922 1494 956 1556 in
977 1494 1325 1578 orientemarripiunt,

154 1607 314 1684 erantque
347 1597 535 1679 gravissimi
563 1600 737 1663 exercitus.
782 1595 876 1660 Unde
896 1597 929 1659 in
952 1599 1155 1680 imperatoris
1177 1602 1325 1666 exercitu

155 1705 226 1769 solo
251 1712 343 1765 erant
364 1703 505 1783 equitum
529 1702 733 1766 loricatorum
754 1703 795 1765 ad
816 1704 1023 1786 septuaginta
1044 1703 1163 1787 millia,
1198 1707 1322 1790 absquo

156 1807 299 1892 peditum
320 1807 432 1888 copiis,
451 1824 586 1887 quornm
608 1825 672 1869 non
695 1809 797 1870 minor
817 1825 970 1872 numerus
993 1808 1096 1872 fuerat
1116 1809 1150 1871 in
1171 1811 1325 1875 comitatu

157 1914 247 1996 regis
266 1911 462 1974 Francorum
487 1911 655 1974 ludovici.
699 1908 826 1988 Quibus
847 1913 877 1974 si
899 1913 1015 1976 fuisset
1035 1914 1176 1996 propitia
1195 1913 1326 1979 Domini

155 2018 277 2102 grstia,
298 2032 363 2076 non
384 2013 486 2076 solum
509 2014 688 2078 {oldanum
712 2016 812 2077 lconii
833 2025 866 2078 et
888 2016 990 2078 Asiae
1017 2017 1166 2098 minoris,
1187 2022 1243 2102 qui
1263 2039 1325 2102 po-

157 2120 359 2212 tentissimus
386 2126 471 2200 erat,
502 2135 613 2181 verum
637 2121 810 2182 universas
830 2121 966 2182 orientis
994 2121 1181 2202 provincias
1201 2124 1324 2185 nomini

155 2226 330 2292 christiano
341 2221 480 2286 faciliter
502 2222 741 2306 subjugassent.
762 2223 830 2287 Sed
848 2241 957 2288 eornm
972 2225 1100 2288 occulto
1112 2223 1222 2288 divino
1233 2224 1324 2307 judi-

155 2333 207 2396 cio
238 2328 363 2412 sprevit
408 2327 595 2390 famulatum
629 2328 722 2390 Dens
755 2345 816 2392 nec
848 2338 1017 2412 acceptum
1053 2330 1163 2393 habuit
1195 2347 1322 2414 munus,

154 2433 240 2522 quod
260 2430 405 2514 indignis
434 2431 575 2495 fortasse
611 2434 763 2496 nrarribus
789 2431 995 2504 offerebatur.
1038 2435 1132 2499 Un'de
1163 2433 1323 2500 Dominus

155 2539 284 2605 tradidit
304 2553 363 2600 eos
383 2537 417 2598 in
436 2553 551 2600 manns
571 2536 746 2601 infidelium
758 2539 933 2602 'furcornm
955 2539 1264 2622 ctSarracenorum,
1286 2551 1319 2602 et

155 2645 267 2710 vexati
283 2645 316 2707 iu
336 2641 392 2705 oia
410 2640 451 2703 ab
473 2643 533 2723 eis,
554 2645 715 2723 prostrati,
734 2644 900 2726 imminuti,
917 2661 989 2707 cnm
1012 2644 1114 2707 mirlta
1134 2644 1322 2707 infelicitate

153 2757 312 2816 venerunt
330 2745 581 2830 lerosolymam.
624 2745 866 2811 Conveniontes
886 2749 986 2830 igitur
1005 2749 1039 2809 in
1060 2767 1158 2810 unum
1180 2756 1247 2812 tres
1268 2748 1322 2810 isti

153 2852 389 2940 potentissimi,
422 2852 595 2934 imperator
615 2851 832 2915 Romanorum
864 2850 1050 2934 conradus,
1083 2869 1141 2916 rex
1162 2852 1320 2915 Franciae

115 3039 122 3047 ι
152 2960 341 3024 hudovitms
369 2962 404 3018 ot
436 2973 494 3018 rex
519 2955 706 3020 Jerusalem
737 2955 918 3020 Baldninus
944 2959 1002 3039 ll.,
1034 2957 1179 3018 universi
1209 2974 1320 3020 eorum

153 3063 333 3147 principes,
365 3060 516 3142 comitas,
552 3060 690 3123 barones
727 3067 761 3124 ct
799 3061 917 3124 militas
954 3068 1095 3124 tractare
1133 3072 1319 3144 coeperunt,

153 3167 240 3251 qnod
260 3165 413 3248 optimum
435 3173 468 3227 et
493 3166 598 3247 magis
620 3165 797 3248 expediens
818 3164 982 3229 videretur
1009 3165 1050 3228 ad
1072 3165 1236 3230 christiani
1258 3185 1320 3230 no-

153 3271 250 3335 minis
268 3268 405 3351 gloriam
433 3278 466 3332 et
486 3271 578 3352 regni
598 3268 863 3355 Jerosolymitani
884 3272 1123 3333 incrementum.
1168 3269 1235 3336 Sed
1257 3289 1320 3336 nec

152 3373 229 3438 boio
248 3370 385 3437 consilio
406 3373 501 3437 favor
521 3373 650 3436 divinae
672 3375 1003 3458 miserationisalfnit,
1023 3373 1110 3437 undo
1125 3375 1317 3440 aDamasco

152 3479 297 3560 civitate,
326 3495 422 3561 qnam
445 3495 563 3560 capere
584 3479 798 3560 conabantur,
832 3495 906 3542 cum
928 3478 1104 3562 ignominia
1125 3499 1242 3564 magna
1263 3500 1318 3543 re-

152 3589 338 3662 cesserunt,
368 3589 401 3643 ct
423 3583 547 3645 reversi
567 3581 805 3665 Jcrosolymam
834 3582 1029 3647 Ascalonem
1061 3582 1212 3648 obsidere
1233 3585 1317 3648 deli-

151 3687 322 3767 borabam,
344 3685 404 3750 sed
432 3696 505 3768 post
527 3686 628 3749 multa
649 3688 750 3748 verba
780 3685 835 3748 ille
856 3687 952 3751 etiam
974 3697 1150 3770 conceptus
1171 3690 1316 3753 abortum

150 3807 270 3874 passus
290 3795 351 3852 esa
394 3788 555 3853 videntes
576 3801 702 3873 autem,
726 3791 898 3873 imperator
926 3792 1053 3855 scilicet
1091 3800 1125 3854 at
1154 3793 1315 3858 franciae

151 3893 418 3977 rex,1lomlnum
440 3914 503 3956 non
529 3912 605 3959 esse
625 3913 698 3963 cnm
727 3897 793 3978 eis,
825 3905 939 3979 parato
960 3897 1092 3979 navigio
1113 3894 1156 3958 ad
1189 3900 1318 3979 propria

60 3999 65 4010 '
151 3998 285 4062 rediere.
326 3998 378 4062 Ab
400 4017 439 4062 ca
460 4001 560 4080 igitur
581 3999 634 4062 die
656 4002 762 4082 coepit
782 4001 967 4064 Latinorum
989 4001 1189 4065 orientalium
1210 4004 1317 4065 mani·

151 4103 235 4165 feste
255 4099 394 4168 deterior
415 4105 485 4167 fleri
506 4103 659 4168 conditio.
687 4105 787 4168 ‚Nam
810 4123 944 4188 quornm
975 4107 1048 4169 sola
1072 4109 1203 4170 iromioa
1224 4108 1315 4192 prius

151 4205 297 4270 hostibus
330 4207 406 4272 ildei
428 4217 517 4272 erant
542 4207 718 4289 formidini,
750 4206 857 4285 (2¹78
868 4210 924 4290 A)
953 4219 986 4273 et
1007 4229 1094 4274 sturno
1114 4212 1314 4293 provinciam

152 4317 308 4375 tantorum
329 4313 508 4397 principum
532 4313 604 4377 sine
624 4311 741 4376 damno
763 4311 996 4395 despexerant,
1030 4313 1115 4376 nntle
1136 4316 1169 4376 in
1190 4320 1312 4375 tantam
