3212 5206
613 260 1044 378 ua¹

299 484 441 567 vestigia
462 479 655 564 reperimus,
690 481 777 565 quod
799 483 874 546 olim
896 482 1017 547 luerint
1048 482 1211 546 bominum
1243 481 1470 544 habitationes.

299 589 493 672 Reperimus
525 589 610 648 culm
642 601 742 668 snpra
774 605 836 658 nos
866 588 930 650 xli
963 597 1100 676 magnas
1131 592 1276 650 muratas
1309 589 1473 654 cisternas

298 703 443 766 veteres,
471 701 537 773 par
556 697 690 773 unarum
715 692 884 758 circuitum
909 690 1065 773 ,iacebant
1087 690 1208 754 multae
1226 685 1398 753 'tracturae
1419 689 1473 752 la·

298 807 401 866 terum
423 803 457 872 et
478 794 621 857 betilium
644 805 676 858 et
691 795 818 858 scoriae
839 788 1012 877 labrorum,
1033 795 1246 858 etvidabatur
1261 793 1368 876 nobis,
1385 791 1473 875 quod

297 901 373 964 illae
394 901 559 964 cisternae
580 918 645 962 aron
661 899 801 963 luissent
818 900 924 963 factae
940 918 999 983 pro
1020 915 1106 982 aqna
1125 897 1257 982 polabili
1274 894 1485 979 recipienda,-

296 1004 355 1069 sed
387 1013 423 1067 nt
451 1006 484 1074 in
516 1005 566 1067 eis
598 1004 959 1086 limnspraep‘araratur
988 1022 1046 1085 pro
1072 1002 1227 1066 lateribus
1248 993 1294 1063 et'
1308 1000 1470 1065 fictilibus.

238 1179 240 1184 ,
296 1109 448 1172 Vidimus
470 1115 576 1170 aulem
589 1110 737 1193 ¹in-ipsis
762 1110 914 1172 cisternis
935 1107 1098 1170 cadavera
1128 1123 1315 1189 magnorum
1338 1114 1371 1166 at
1392 1105 1472 1168 bor-

297 1212 437 1277 ridornm
459 1220 644 1294 serpentum
666 1221 699 1276 et
720 1213 903 1288 animalium
925 1213 1019 1276 nobis
1040 1212 1286 1293 incognitorum.
1328 1209 1471 1291 Reperi-

297 1333 371 1380 rans
396 1317 489 1380 etiam
512 1333 609 1379 uuum
639 1320 867 1380 coemeterium
896 1316 1117 1400 gentilicum
1147 1314 1230 1378 alias
1251 1313 1354 1401 malta
1380 1313 1470 1375 lora-

226 1426 227 1430 ’
296 1423 382 1486 mina
411 1428 446 1483 at
468 1420 576 1483 tomas
598 1421 702 1484 lactas
732 1423 774 1485 ab
796 1421 979 1484 bominibus
1007 1418 1048 1482 ¹ad
1071 1416 1290 1502 quaerendam
1311 1433 1471 1480 marmora

296 1526 386 1606 alba,
405 1541 490 1608 quae
511 1523 553 1587 de
573 1525 755 1588 visceribus
779 1525 867 1588 lllius
889 1534 994 1588 terrae
1015 1525 1237 1592 extrahuntur.
1279 1520 1466 1584 Secundum

295 1645 422 1692 omnam
444 1628 506 1690 loci
530 1627 617 1691 illins
637 1630 736 1692 situm
757 1637 846 1712 puto,
867 1630 1031 1711 regionem
1052 1627 1140 1690 illam
1163 1645 1239 1690 esse
1261 1623 1370 1690 Cadea
1383 1628 1469 1688 Bar-

295 1751 397 1813 neae,
420 1734 452 1795 in
473 1749 539 1815 qna
559 1731 688 1795 fflmus
710 1733 850 1796 tentoria
871 1751 945 1797 cum
968 1734 1165 1815 festinantia,
1196 1740 1233 1794 ut
1255 1746 1467 1813 coqueremus

298 1839 392 1900 uobis
413 1853 508 1900 escas
510 1881 526 1920 ,
548 1853 621 1898 nam
635 1835 697 1921 ¹illo
718 1836 772 1900 die
794 1836 934 1901 noudum
955 1841 1064 1920 pransi
1087 1825 1217 1900 fuimns.
1255 1831 1467 1910 Praecedenti

297 1945 380 2004 araim
402 1958 541 2024 vespera
561 1941 747 2035 paravimus
769 1943 862 2005 nobis
883 1960 1000 2006 carnes
1036 1961 1094 2025 pro
1125 1939 1260 2024 prandio
1282 1938 1370 2002 illins
1393 1937 1466 2019 diei,

171 2037 173 2040 ’
296 2046 355 2111 sed
378 2047 462 2122 dnm
475 2062 591 2110 carues
615 2044 657 2108 da
677 2046 820 2110 sacculis
841 2046 1093 2130 produceremus
1115 2048 1148 2108 in
1171 2045 1273 2108 minis
1302 2041 1471 2124 sedentes,¹

297 2152 474 2234 reperimus
506 2168 564 2214 aas
596 2150 724 2233 putrido
759 2150 881 2214 loatorc
914 2151 1062 2214 irrlectaa·
1084 2159 1118 2213 el
1148 2167 1220 2212 curn
1255 2165 1378 2212 nausea
1407 2164 1465 2209 aas

178 2234 195 2248 '¹
296 2251 490 2339 projecimus
512 2262 544 2316 at
566 2258 697 2318 caserrm
718 2274 794 2318 mam
815 2255 998 2336 paximatiis
1016 2254 1073 2318 vel
1093 2254 1227 2316 bisontis
1248 2271 1306 2336 pro
1332 2251 1466 2334 prandio

295 2359 487 2440 sumsimus,
509 2360 701 2422 excessivus
723 2361 807 2420 euim
830 2357 934 2441 calor,
956 2376 1054 2442 quem·
1072 2358 1259 2441 habuimus,
1292 2377 1349 2440 per
1370 2357 1464 2419 latis-

296 2460 413 2522 simum
436 2478 584 2543 campum
608 2464 701 2526 nobis
720 2481 837 2536 carnes
859 2469 1052 2544 corruperat.
1096 2454 1247 2525 Misimus
1268 2470 1374 2524 autem
1397 2462 1466 2523 asi·

296 2566 406 2627 uarios
428 2574 558 2628 nostros
580 2584 651 2629 cum
675 2568 801 2630 utribus
821 2574 856 2628 ct
876 2566 1038 2650 amphoris
1059 2565 1100 2629 ad
1122 2565 1328 2630 afferendam*
1349 2583 1463 2648 aquam

297 2678 459 2733 recentem
493 2670 535 2734 dc
565 2672 703 2754 quadam
738 2671 836 2752 longa
857 2671 997 2734 distante
1027 2673 1186 2753 cisterna,
1218 2689 1279 2735 uos
1309 2689 1389 2734 vero
1407 2689 1466 2752 per

297 2776 460 2857 regionem
494 2774 632 2858 disparsi
660 2793 773 2839 sumus
805 2774 846 2837 ad
877 2771 1102 2858 colligendum
1125 2785 1288 2840 sarmenta
1315 2784 1350 2838 et
1376 2775 1466 2860 ligna

296 2898 356 2962 pro
377 2881 470 2963 igne,
504 2879 564 2943 sed
599 2900 662 2943 non
691 2881 867 2962 reperimus
897 2881 960 2942 nisi
992 2877 1082 2942 arida
1103 2881 1291 2963 arbustula,
1317 2898 1402 2965 quac
1422 2899 1465 2946 cx

297 2983 430 3047 humore
451 2985 675 3067 praecedentis
697 2986 812 3048 hiemis
832 2998 1007 3048 creverant
1024 2991 1060 3046 et
1080 2985 1143 3047 iam
1158 2983 1302 3049 funditus
1323 3003 1464 3048 exarue-

298 3096 385 3168 ranl3
420 3089 480 3151 bas
507 3107 582 3152 cum
609 3089 772 3153 radicibus
807 3088 849 3150 da
881 3090 977 3152 humo
1009 3091 1208 3152 extraximus
1242 3098 1275 3151 et
1302 3088 1463 3152 cumulum

297 3207 449 3272 mquam
471 3210 528 3272 pro
549 3193 626 3274 igue
646 3194 940 3273 comportavimus‚
962 3211 1024 3254 uec
1045 3199 1116 3255 erat
1135 3193 1253 3275 aliquis
1281 3194 1365 3256 iuter
1389 3212 1462 3274 uos,

297 3293 353 3375 qui
374 3294 412 3354 ab
434 3293 496 3356 boc
517 3294 625 3358 labore
644 3296 817 3358 baberetur
837 3306 1061 3380 supportatue3
1092 3299 1268 3361 ‘currebant
1299 3299 1382 3361 enim
1404 3316 1464 3380 per

296 3413 428 3478 campos
454 3397 638 3462 sacerdotes
668 3399 828 3482 religiosi,
859 3403 1010 3482 comites,
1042 3419 1179 3465 carones
1207 3411 1239 3465 et
1269 3401 1389 3466 milites
1419 3401 1462 3464 ad

294 3498 510 3582 colligendum
543 3501 632 3582 ligna
670 3511 724 3565 aut
755 3505 921 3568 materiam
958 3507 1224 3571 combustibilem.
1277 3506 1460 3570 Sarmealis

294 3613 403 3667 autem
433 3607 639 3688 comportatis
668 3607 721 3670 din
754 3627 826 3672 cnm
865 3608 1025 3673 desiderio
1053 3611 1316 3694 exspectavimus
1347 3628 1461 3693 aquas,

293 3709 353 3772 sed
388 3709 557 3774 tardabant
590 3713 722 3776 asinarii
750 3714 864 3794 valde,
898 3716 975 3799 qnia
1006 3724 1156 3798 pastores
1190 3715 1331 3798 regionis
1359 3733 1419 3780 ecs
1441 3733 1462 3776 a

291 3823 389 3896 putea
410 3815 613 3900 repulerant,
634 3828 667 3881 el
688 3837 761 3882 cum
783 3819 846 3883 boc
866 3828 983 3903 puteus
1003 3820 1101 3903 longo
1123 3819 1272 3882 distabat.
1315 3819 1460 3882 'l'andem

290 3927 397 3982 autem
420 3921 559 3985 obtentis
581 3941 653 3987 cum
674 3925 868 3988 difficultate
888 3929 981 4008 aquis
1006 3926 1216 3988 transmaria
1238 3941 1358 3988 aucun
1379 3923 1460 3987 salis

217 4016 222 4024 “
290 4041 363 4086 cnm
386 4025 510 4088 utribus
533 4028 675 4110 repletis.
718 4032 800 4093 Erat
820 4038 926 4092 aulem
956 4030 1049 4093 nobis
1078 4031 1224 4111 primitus
1254 4028 1352 4092 valde
1379 4029 1460 4091 abo·

289 4127 453 4192 minabilis
483 4148 569 4215 aqua
588 4134 622 4196 in
644 4137 784 4227 utribrps,
815 4138 893 4216 qnia
924 4134 966 4197 de
996 4135 1121 4198 utribus
1153 4134 1294 4198 colorem
1326 4134 1460 4196 rubeum

288 4235 382 4318 quasi
402 4237 684 4318 sanguinolentum
707 4246 741 4301 ot
761 4255 910 4320 saporam
932 4241 1054 4303 salsum
1075 4243 1235 4302 contraxit
1253 4258 1296 4302 ex
1316 4239 1404 4302 corio
1425 4245 1458 4299 et

289 4358 415 4404 omnem
438 4341 625 4425 qualitatem
658 4341 859 4406 delicabilem
891 4344 999 4408 amisit
1026 4345 1058 4406 iu
1080 4344 1204 4407 utribus
1234 4352 1267 4408 et
1289 4342 1353 4408 cibi
1374 4343 1457 4406 cocti
