3202 5218
853 308 917 372 tue

302 486 503 553 Menudrio
517 487 767 570 fabricaverunt,
781 495 818 552 ut
837 488 961 552 dicmur
983 489 1037 552 iai.
1058 489 1126 554 131.
1156 489 1264 552 Hunc
1285 504 1368 570 ergo
1381 484 1483 549 iudum

303 611 377 661 cum
397 595 482 658 boue
503 603 534 658 ot
550 591 653 656 uitulo
673 593 823 656 viderunt
845 592 903 658 iiiii
918 594 1019 657 israel
1041 604 1075 658 et
1096 594 1170 658 ideo
1194 592 1353 674 vituium,
1366 600 1483 654 taurum

298 699 464 784 judeum,
486 718 528 764 ex
549 717 627 762 aure
649 699 821 762 conflatum
846 718 904 781 pro
932 699 993 762 deo
1020 699 1106 762 sicut
1137 697 1307 782 Aegyptii
1337 696 1402 758 sibi
1422 693 1486 755 eie·

301 813 420 888 gerunt
444 807 541 887 eique
563 802 762 868 chorizando
782 811 815 866 et
847 803 1060 868 sacriflcmdo
1081 815 1114 868 et
1136 803 1248 866 altare
1258 797 1487 879 construendo,

301 911 389 976 siout
409 911 444 972 in
464 909 618 993 Aegypto
640 907 805 991 videraut,
827 907 949 973 cultum
970 908 1197 992 impenderunt
1221 911 1257 972 iu
1281 907 1347 970 hoc
1367 921 1486 985 campo.

341 1061 345 1074 .
385 1016 424 1077 in
447 1029 623 1098 progressu
643 1013 793 1077 venimus
814 1015 847 1076 in
870 1014 988 1093 iocum,
1012 1015 1065 1078 uiti
1087 1015 1200 1099 magni
1224 1009 1354 1078 cumuli
1377 1025 1489 1072 arena·

302 1139 372 1184 rum
405 1129 497 1183 erant
528 1129 562 1183 et
592 1129 678 1182 terra
709 1127 887 1202 tumorosa3
920 1121 953 1183 in
989 1138 1053 1203 quo
1085 1119 1157 1184 ioco
1192 1117 1322 1203 sepulti
1344 1116 1489 1180 dicuntur

303 1225 409 1288 iaiooo
428 1223 488 1308 iiii,
503 1225 558 1308 qni
578 1231 709 1306 propter
729 1223 941 1288 idoioiatriom
962 1225 1049 1288 iiiam
1067 1225 1197 1289 fuerunt
1211 1227 1342 1308 Moyse
1357 1222 1488 1305 jubente

302 1329 475 1413 interiecti,
496 1330 609 1392 xxm
641 1327 741 1391 miliia
760 1333 923 1412 virorum,
952 1340 986 1393 ut
1016 1330 1150 1393 habetur
1171 1329 1285 1394 Exodi
1308 1325 1438 1392 XXXI!
1460 1331 1490 1384 et

305 1434 333 1497 i.
357 1432 432 1497 Cor.
455 1433 497 1496 X.
542 1433 790 1517 Consequentur
813 1435 1019 1498 oscermimus
1046 1436 1078 1498 in
1098 1434 1155 1497 iiia
1176 1435 1247 1499 iate
1277 1433 1371 1496 valle
1399 1425 1488 1493 etad

303 1540 408 1620 ipsam
430 1545 552 1602 arctam
575 1537 694 1601 veliem
715 1539 881 1621 vertimus,
900 1559 959 1623 per
978 1557 1072 1622 quarn
1094 1541 1159 1602 itur
1187 1539 1232 1604 ad
1256 1533 1488 1602 monasterium

303 1642 339 1706 S.
359 1640 572 1725 Catharinae,
593 1661 766 1727 perquam
795 1645 937 1726 ingressi
966 1646 999 1708 in
1022 1646 1146 1708 hortum
1177 1643 1376 1710 monasterii
1396 1637 1489 1703 veni-

303 1763 393 1829 mus,
425 1748 480 1828 qui
512 1746 625 1810 hortus
656 1765 677 1810 ι
708 1765 799 1810 muro
838 1750 1023 1812 monasterii
1057 1749 1228 1814 descendit
1263 1769 1327 1834 per
1360 1747 1488 1826 longum

302 1852 442 1933 spatium
474 1860 507 1914 et
536 1853 688 1936 irrigatur
719 1872 759 1916 eo
781 1851 892 1936 modo,
914 1855 1000 1918 sicut
1031 1854 1145 1918 hortus
1175 1856 1217 1918 ad
1241 1857 1307 1920 XL
1343 1857 1487 1925 sanctos,

281 1967 397 2042 prout
418 1955 534 2021 ididem
558 1957 677 2022 dictum
699 1965 762 2020 ost.
800 1959 861 2022 Est
891 1968 997 2023 cutem
1019 1960 1131 2024 hortus
1153 1963 1305 2026 consitus
1328 1955 1426 2022 olivis
1454 1960 1486 2014 et

304 2063 426 2128 diversi
460 2063 593 2148 generis
626 2063 811 2145 arboribus,
847 2080 986 2147 magnus
1015 2072 1050 2126 et
1081 2065 1282 2144 solatiosus,
1307 2055 1356 2126 'ct
1390 2058 1487 2123 muita

302 2178 378 2232 sunt
405 2171 438 2232 iu
474 2188 513 2232 eo
546 2166 635 2251 ioca,
668 2167 847 2252 dequibus
882 2170 1000 2233 mentio
1037 2169 1074 2232 flt
1095 2170 1129 2232 in
1165 2169 1264 2258 sacra
1300 2167 1482 2250 Scriptura.

302 2273 388 2336 Dum
410 2291 488 2356 ergo
509 2292 567 2356 per
588 2273 712 2336 hortum
736 2272 953 2358 ascendimus,
965 2273 1062 2356 jussit
1084 2293 1145 2340 nes
1166 2285 1323 2340 ostensor
1345 2273 1484 2335 iocorum

303 2395 431 2441 sursum
453 2379 486 2440 in
504 2377 586 2460 juga
604 2379 757 2440 montium
782 2381 937 2462 aspicere.
969 2379 1121 2444 Vidimus
1142 2390 1251 2446 autem
1265 2382 1301 2444 in
1326 2378 1485 2441 altissima

303 2501 399 2567 rupo,
422 2500 506 2565 quae
533 2484 699 2566 consurgit
731 2491 806 2546 aute
827 2493 965 2546 mentem
989 2481 1255 2567 Oreb,vitu1uu1
1282 2489 1428 2550 stantem
1447 2483 1479 2536 ot

303 2597 415 2651 cotttra
437 2605 497 2650 aros
519 2587 756 2670 respicientem,
777 2591 870 2672 quasi
890 2598 1036 2672 paratum
1057 2587 1098 2651 ad
1120 2589 1308 2654 saltandum
1333 2585 1482 2652 deorsum

303 2701 338 2755 et
359 2693 506 2776 apparuit
529 2693 575 2755 ita
596 2692 769 2755 manifeste
790 2711 861 2755 curu
892 2694 1040 2758 omnibus
1067 2693 1272 2760 lineamentis
1297 2701 1331 2758 ot
1354 2686 1482 2774 quanti-

303 2808 370 2862 tate
395 2798 520 2879 debita,
542 2798 633 2860 acsi
664 2816 744 2861 vere
765 2797 882 2860 animai
905 2799 1036 2880 fuisset,
1068 2798 1121 2860 vei
1144 2809 1341 2882 apparenter
1360 2790 1482 2858 vituios

303 2903 420 2968 inisset
442 2903 547 2966 iactus
569 2911 654 2984 arte,
675 2901 733 2964 sed
764 2921 827 2966 nec
861 2902 1016 2966 naturalis
1050 2921 1111 2966 nec
1145 2903 1328 2968 artificialis
1361 2895 1480 2964 vituios

303 3015 366 3090 ost,
389 3016 438 3070 est
461 3017 567 3070 autem
590 3007 748 3089 quaedam
771 3026 868 3091 rupes
890 3007 922 3070 in
956 3008 1053 3071 altum
1076 3017 1245 3092 protenso,
1273 2987 1372 3092 cujus
1391 3017 1479 3064 sum·

303 3114 399 3176 mitae
421 3115 494 3173 sine
525 3114 704 3176 intentione
739 3111 875 3194 aiicujus
908 3113 1048 3175 hominis
1079 3122 1173 3196 rupte
1204 3121 1315 3176 estet
1346 3104 1498 3193 iuferius-

303 3219 453 3298 inspecta
483 3214 612 3276 videtur
633 3233 709 3277 esse
729 3215 860 3278 vitulus.
903 3215 998 3278 Unde
1027 3217 1144 3279 iratres
1172 3217 1359 3280 monasterii
1380 3223 1477 3300 saepi!

303 3321 381 3382 moti
399 3319 588 3382 curiositate
607 3319 821 3382 ascenderunt
838 3330 988 3403 montem,
1003 3319 1061 3382 sed
1084 3321 1202 3384 unllam
1225 3322 1320 3384 vituli
1344 3320 1476 3402 figuram
1544 3365 1549 3380 .

303 3424 456 3508 superius
488 3423 636 3486 iuvenire
667 3431 854 3506 potuerunt,
885 3421 944 3485 sed
984 3423 1088 3487 scium
1124 3426 1278 3510 abruptas
1308 3409 1420 3508 petros
1445 3421 1477 3475 ei

303 3524 454 3607 scopulos
494 3535 702 3610 praeruptos,
737 3529 792 3610 qui
832 3527 969 3592 iuferius
1014 3529 1149 3614 iiguram
1189 3530 1283 3593 vituli
1326 3527 1475 3594 videntur

301 3631 422 3694 habere
451 3631 537 3694 siout
579 3648 691 3694 saxum
735 3635 767 3696 in
800 3634 934 3718 Aegaeo
972 3637 1052 3697 mari
1098 3644 1164 3715 est,
1202 3635 1288 3718 quod
1337 3636 1468 3717 figuram
1498 3655 1501 3664 ·

301 3736 399 3800 hebet
435 3753 554 3818 caprae
588 3755 608 3798 a
638 3737 736 3821 longe
774 3740 970 3822 inspectum,
1004 3731 1143 3823 propter'
1172 3738 1258 3823 quod
1296 3747 1329 3802 et
1370 3742 1470 3820 ipsum

301 3858 391 3904 more
415 3841 565 3924 Aegeum
599 3842 729 3927 dicitur,
751 3846 827 3928 quia
857 3863 960 3928 aegea
989 3844 1104 3907 dicitur
1133 3861 1252 3927 graeco
1282 3861 1389 3928 capro.
1431 3835 1471 3898 lii

302 3947 336 4007 in
370 3945 434 4009 aiio
461 3944 532 4008 ioco
561 3949 658 4010 maris
686 3949 826 4014 vidimus
857 3949 1025 4032 scopulum
1061 3949 1154 4031 quasi
1186 3948 1309 4031 aspidis
1341 3947 1470 4012 sormam

301 4051 472 4114 habentem
508 4068 529 4110 c
556 4054 702 4134 remotio,
731 4053 789 4116 sed
827 4054 900 4116 dum
937 4073 1037 4136 prope
1072 4046 1230 4136 essemus,
1252 4041 1471 4136 cunigunde

300 4171 429 4234 saxum
469 4153 526 4218 sic
548 4154 622 4218 dum
654 4157 732 4239 quis
764 4157 912 4220 ascendit
939 4159 980 4220 de
1002 4157 1120 4241 oppido
1141 4157 1330 4241 Wisastaig
1357 4162 1471 4221 versu!

301 4260 439 4343 Uiuiano,
462 4257 591 4324 videtur
613 4261 646 4322 iu
667 4260 734 4324 aito
756 4261 866 4344 procui
888 4270 980 4344 petra
1001 4263 1226 4347 erecto,quasi
1247 4263 1341 4326 homo
1362 4255 1469 4337 801111)-

301 4373 365 4446 tus,
407 4363 466 4428 scd
501 4365 576 4428 dum
610 4366 704 4430 hniuo
736 4386 836 4450 prope
858 4367 965 4449 veuit,
989 4366 1066 4432 nihii
1098 4377 1248 4452 apparet,
1282 4368 1344 4431 uisi
1378 4371 1471 4446 τυροῦ
