3212 5206
316 451 500 518 terribilem
543 451 586 514 Dt
608 449 738 524 lleolea.
762 443 840 512 Ἧι
863 447 1004 531 lignun
1025 449 1148 513 aridam
1168 449 1203 512 in
1224 467 1344 534 eremo,
1365 452 1500 515 venatio

321 557 426 620 leonia
459 565 491 619 et
524 557 638 638 onagri
669 557 704 616 in
730 559 868 617 eremo·
891 555 934 617 Et
968 553 1120 618 Psalmus
1159 554 1322 618 decertum
1354 555 1502 620 nomint

319 679 471 740 eremum.
514 659 673 723 Dominus
701 658 871 740 interrupit
890 667 1013 743 petram
1034 659 1068 723 in
1089 677 1207 722 eremo.
1246 661 1290 722 Et
1310 659 1417 724 ondl
1440 662 1499 724 lli.

319 765 402 832 dixit
422 766 582 829 Dominus
602 764 730 848 llloysi:
759 764 887 845 Locus,
915 765 949 826 in
970 781 1035 846 quo
1054 772 1143 846 stas,
1165 773 1251 827 terra
1278 775 1394 828 sancte
1434 773 1500 851 ιιι

318 853 362 933 Dt
383 889 475 934 mons
497 868 582 932 Dreh
603 869 790 951 frequenter
811 869 1000 933 nominatur
1020 885 1115 932 moos
1138 866 1277 931 Domini.
1371 930 1375 938 ,

206 1041 209 1050 ,
403 971 527 1035 Dicitur
548 975 643 1037 etiam
666 972 831 1038 desertum
854 981 941 1037 terra
961 971 1139 1056 salsuginis
1160 982 1194 1036 et
1213 979 1302 1037 terra
1322 974 1504 1058 mennatis,

226 1127 233 1142 .
322 1081 409 1138 terre
441 1075 611 1168 faunorum
643 1087 677 1141 et
706 1087 888 1162 satyrorum
918 1095 939 1140 a
966 1071 1083 1160 poclis¹
1126 1071 1178 1142 lix
1204 1078 1322 1162 qulbus
1347 1079 1505 1142 omnihus

325 1182 439 1244 venari
460 1201 634 1266 possumne
655 1182 839 1248 solitudinis
856 1181 945 1245 illins
967 1192 1001 1245 et
1019 1190 1125 1246 terrae
1144 1181 1346 1248 conditiones
1366 1190 1400 1244 et
1420 1200 1505 1265 pro-

324 1287 502 1370 prietates,
524 1297 590 1353 ta'nt
611 1289 644 1353 in
672 1287 756 1352 malo
784 1305 879 1371 quam
898 1286 932 1349 in
953 1286 1046 1351 hono.

469 1529 473 1540 '
582 1519 825 1600 Curiditioncs
851 1497 990 1596 deserti
1015 1521 1076 1596 vel
1102 1520 1226 1597 eremi.

323 1697 327 1704 '
411 1698 520 1764 Primo
560 1703 650 1784 regio
680 1701 737 1765 illa
776 1701 894 1767 dieitur
928 1704 1094 1768 desertum
1141 1720 1162 1765 a
1190 1701 1387 1784 deserendo,
1420 1705 1504 1786 quia

332 1801 463 1867 deserta
488 1823 564 1868 esee
583 1806 712 1871 videtur
732 1807 965 1890 quodammodo
988 1827 1008 1871 a
1027 1808 1109 1892 Deo,
1131 1807 1261 1871 acoelo
1280 1815 1314 1868 et
1330 1825 1352 1869 a
1370 1806 1505 1877 mundo.

283 1951 287 1960 ·
327 1909 360 1971 A
377 1909 450 1973 Deo
472 1909 623 1994 quidem,
645 1913 721 1995 quia
740 1926 845 1977 vacua
874 1922 907 1974 et
921 1915 1035 1982 ιιιιιιίι
1056 1921 1123 1996 eet,
1144 1913 1248 1995 quasi
1276 1912 1369 1975 Deus
1387 1931 1428 1974 er
1453 1912 1504 1974 ιιι

326 2015 427 2078 vellet
449 2015 490 2079 ad
512 2019 657 2080 universi
680 1997 930 2082 meliorationem
953 2001 1007 2082 uel
1037 2017 1196 2082 decorem
1235 2017 1268 2079 A
1289 2015 1380 2080 coelo
1402 2018 1504 2079 etiam

327 2118 458 2184 deserta
479 2131 530 2185 eat
561 2103 645 2185 haec
666 2124 773 2206 regio,
811 2132 901 2187 caret
925 2119 1009 2186 enirn
1041 2123 1124 2186 coeli
1155 2120 1226 2185 utili
1258 2121 1424 2185 influentia
1468 2126 1503 2183 et

291 2226 421 2323 'quasi
439 2226 595 2289 iracundo
618 2227 783 2290 stellarum
800 2237 941 2310 aspectu
979 2229 1126 2290 atteritur
1161 2236 1208 2290 et·
1204 2225 1323 2290 ferrea
1344 2223 1501 2308 redditur,

327 2327 401 2390 darn
424 2330 551 2393 coelom
567 2330 731 2414 desuper
720 2333 841 2395 numito
852 2341 889 2396 et
903 2334 977 2396 sine
990 2333 1163 2396 clementia
1179 2339 1325 2394 aeneum.
1337 2329 1501 2394 videatur.

327 2413 467 2495 Deserta
489 2443 541 2496 eet
572 2436 670 2498 etiam
703 2436 825 2522 regie
827 2437 909 2501 haec
929 2457 972 2500 ex
1004 2437 1215 2519 consequenti
1236 2435 1277 2497 ab
1307 2435 1503 2514 horninibus,
1534 2481 1537 2490 .

327 2539 383 2632 qui
404 2539 445 2601 ah
467 2557 507 2601 ea
533 2545 696 2642 tamqnim
718 2559 738 2602 a
757 2560 796 2604 re
814 2541 935 2604 inutili
932 2559 978 2605 ae
997 2542 1211 2608 nhetruhnnl.¹
1243 2523 1395 2602 somnne
1417 2537 1503 2602 diti-

166 2637 168 2644 ‘
254 2707 271 2715 ,,
329 2651 382 2706 ιιι
402 2643 485 2706 haec
497 2645 596 2728 regio
616 2663 763 2728 monus,
786 2649 827 2708 ab
849 2645 1053 2710 adhaerendo
1072 2664 1132 2730 per
1153 2645 1346 2742 oppositum,
1370 2662 1428 2726 pro
1450 2662 1504 2724 eo,

238 2800 242 2808 .
267 2737 272 2747 ’
329 2741 422 2831 qnod
440 2767 536 2812 nemo
556 2749 602 2814 illi
624 2759 729 2813 terrae
750 2749 921 2836 adhaeret,
942 2760 1076 2834 propter
1098 2737 1260 2812 defectum
1282 2748 1358 2811 boni
1376 2747 1504 2812 deh'ea·

208 2839 211 2846 ’
247 2839 248 2842 '
312 2842 414 2916 'bilia
459 2855 544 2916 Nam
574 2837 671 2930 relius
694 2855 915 2919 delicabilibus
934 2855 1112 2918 adhaerent
1144 2856 1307 2936 homines,
1344 2851 1416 2916 8θῦ
1425 2869 1505 2936 (1⁰¹⁸

303 2947 375 3020 'ibi
410 2957 490 3022 nihil
513 2958 704 3024 delectabile
734 2961 950 3045 invenitur,
946 2978 1040 3023 nemo
1061 2961 1105 3024 ibi
1126 2961 1247 3039 haeret.
1289 2950 1354 3020 Vel
1384 2949 1504 3021 dicitur

196 3131 200 3137 ¹
331 3061 396 3122 ab
409 3061 614 3127 adhaerendo
653 3073 784 3148 propter
811 3074 918 3128 terrae
948 3063 1112 3142 duritiam,
1147 3078 1232 3144 quae
1262 3063 1358 3125 nimis
1381 3063 1505 3126 fortiter

258 3163 286 3180 ''
313 3165 478 3248 'sibiipsi
503 3167 674 3251 adhaeret,
698 3167 883 3253 lta,quod
908 3166 973 3231 no'c
979 3166 1165 3252 ligonibus
1205 3184 1267 3230 nec
1298 3166 1422 3231 ιιιιιιι
1440 3179 1505 3230 nee

238 3301 241 3306 ·
332 3267 537 3333 ferramentis
559 3280 667 3354 potest
687 3271 817 3372 sulcari.
1351 3323 1353 3329 -

410 3373 518 3443 Tertio
550 3374 667 3437 dicitur
700 3377 789 3458 regio
828 3376 910 3438 hace
944 3374 1099 3460 solitudo,
1138 3378 1214 3460 qnia
1244 3375 1315 3440 sola
1347 3384 1400 3439 cst
1440 3369 1520 3438 nec¹

332 3469 546 3561 frequentiam
568 3479 743 3543 hominum·
752 3481 859 3543 hahet.
901 3473 980 3568 Sola
1002 3482 1098 3544 etiarn
1122 3490 1183 3563 eet,
1204 3481 1281 3565 quia
1301 3480 1390 3544 nulla
1411 3483 1505 3563 r'egio

302 3589 304 3593 “
331 3581 565 3664 circumjacens
597 3601 670 3647 cnm
692 3594 778 3654 terra
810 3584 869 3647 illa
898 3587 987 3668 cupit
1018 3587 1139 3650 hahere
1165 3584 1424 3649 conformitatem
1446 3593 1505 3649 aut

249 3687 253 3695 '
306 3687 652 3779 ¹confoederationem.
696 3689 823 3752 Dicitur
855 3700 960 3773 antem
986 3687 1086 3773 saepe
1111 3689 1332 3773 inscriptura
1363 3688 1504 3753 solitudo
1558 3747 1562 3753 .

247 3837 252 3845 .
291 3797 297 3810 '
331 3793 552 3870 vastissima,
563 3794 639 3878 quia
660 3775 747 3858 nullo
769 3793 862 3858 modo
884 3794 1030 3858 culturae
1050 3803 1101 3857 cat
1121 3787 1206 3876 dpta
1249 3793 1327 3858 ldeo
1349 3792 1504 3856 dicebaut

266 3957 271 3967 ,
330 3895 388 3990 filil
414 3897 515 3960 lsrael
536 3902 798 3981 murmurantes,
815 3901 935 3962 utinam
958 3900 1074 3962 mortui
1103 3903 1253 3962 essemus
1282 3901 1316 3960 in
1338 3897 1502 3981 Aegypto,

331 4010 364 4064 et
393 4020 458 4065 non
487 4004 521 4064 in
542 4001 604 4066 hae
632 4013 728 4066 vasta
759 4003 950 4085 solitudine,
982 4003 1079 4066 Num.
1109 4004 1200 4067 XlV.
1242 4002 1373 4065 Dicitur
1406 4003 1502 4075 etiarn

332 4105 472 4168 solitudo
495 4124 623 4189 magna,
644 4103 836 4191 longissima
857 4107 892 4171 'et
910 4108 1068 4172 latissima
1087 4108 1120 4172 in
1131 4108 1309 4191 Scriptura
1332 4107 1372 4168 ln
1393 4105 1503 4168 multis

332 4211 416 4274 anim
439 4211 584 4294 partibus
606 4211 688 4275 adeo
710 4230 843 4296 magna,
865 4213 961 4296 longa
982 4219 1017 4274 et
1038 4213 1105 4278 lata
1125 4223 1187 4297 est,
1209 4212 1294 4298 quod
1317 4211 1521 4294 pertransiri

332 4335 395 4380 ιιιιιι
417 4325 535 4400 potest,
557 4335 619 4380 nec
638 4320 797 4401 reperitur
818 4317 925 4400 homo,
948 4317 1003 4399 qui
1020 4317 1104 4390 fines
1126 4319 1198 4401 ejus
1214 4325 1327 4382 contra
1349 4316 1503 4400 orientem
