3240 5222
750 259 812 324 Ul

198 441 349 504 duetores
365 438 467 502 nostri
483 437 665 520 stupebant.
699 437 767 502 Vix
782 439 868 503 enim
882 440 976 504 homo
993 443 1127 508 eredere
1136 456 1259 530 posset,
1282 446 1369 532 quod

197 548 261 609 xx
282 545 430 610 homines
464 551 554 605 tanta
587 541 802 626 suppellectili
832 562 891 626 per
922 543 1084 612 desertum
1117 559 1227 614 essern
1256 551 1367 634 indigi.

200 648 336 732 Oportet
359 652 444 711 enim
467 648 686 728 provisionem
714 648 834 711 habere
862 667 1030 735 maguam,
1061 664 1096 716 ut
1117 673 1182 717 non
1206 655 1370 736 patiuntur

198 752 360 816 deiectum
389 770 447 833 per
478 751 573 814 lixit
601 750 693 833 dies,
723 757 758 814 et
784 760 820 814 ut
848 758 1092 822 ooourrentibus
1120 757 1309 822 ltladianitis
1336 769 1371 823 et

197 857 362 920 Arabibus
382 857 417 918 in
439 853 568 919 deserto
589 855 729 918 babeant
749 855 827 918 dare
848 876 950 939 penes
971 869 1004 923 st
1024 863 1230 948 paximatius,
1251 881 1368 928 oannes

198 963 374 1044 fumigatas
395 970 429 1022 et
452 977 596 1040 oaseurn,
629 961 746 1042 quibus
769 961 857 1025 iuror
877 981 986 1026 eorum
1008 969 1174 1049 mitigetur
1194 975 1229 1030 et
1249 977 1285 1030 ut
1304 987 1370 1052 pax

199 1069 249 1128 sio
275 1068 315 1128 ab
341 1068 392 1127 eis
414 1072 545 1126 ematur.
589 1061 747 1128 Omnibus
769 1082 849 1146 ergo
871 1068 968 1137 rebus
990 1071 1112 1133 nostris
1131 1072 1287 1154 eportatis
1309 1073 1370 1136 rd-

199 1170 361 1233 duxerunt
382 1167 546 1231 eamelorii
575 1169 717 1232 camelos
738 1168 780 1232 ati
801 1171 980 1255 cumulum,
1003 1184 1035 1235 et
1056 1192 1156 1240 unum
1176 1183 1252 1258 post
1272 1173 1368 1237 alium

201 1276 234 1337 in
258 1283 376 1336 terram
406 1282 648 1356 prosternentes
670 1291 804 1337 onerare
824 1274 947 1338 bestias
971 1277 1159 1360 iuoeperunt
1166 1300 1175 1362 3
1207 1297 1269 1343 nos
1289 1277 1368 1342 'vero

198 1379 248 1440 eis
274 1379 467 1441 adstetimus
496 1387 529 1440 et
541 1377 721 1460 diligenter
741 1395 856 1440 manus
881 1398 990 1442 eorum
1011 1385 1207 1465 aspeximus,
1229 1375 1369 1467 nequid

198 1484 382 1546 furarentur
402 1484 513 1566 nobis,
541 1491 575 1545 et
600 1493 636 1546 ut
658 1482 899 1546 addisceremus
920 1487 1016 1547 stiam
1038 1504 1172 1552 onerare
1192 1488 1316 1558 bestias
1335 1471 1382 1550 at'

198 1587 343 1650 oamelos
369 1596 516 1651 traetare.
567 1585 719 1650 oneratis
748 1596 853 1650 autem
877 1588 973 1651 xxti
1002 1591 1136 1655 camelis
1164 1610 1237 1655 oum
1258 1592 1367 1656 moltis

200 1691 365 1754 laboribus
391 1700 424 1755 et
452 1691 564 1774 litigiis
591 1693 701 1755 voeati
727 1692 847 1754 suimus
882 1711 941 1776 per
970 1694 1131 1759 asinarius
1159 1695 1201 1760 ad
1233 1715 1366 1781 gregem

199 1797 378 1879 asinorum,
399 1804 435 1857 ut
456 1797 589 1880 quilibet
609 1796 743 1879 eligeret
764 1797 827 1860 sibi
848 1799 989 1880 asinum,
1017 1819 1082 1883 quo
1106 1819 1165 1884 per
1185 1810 1286 1865 tetum
1306 1802 1368 1865 de-

198 1909 322 1962 sertum
343 1909 486 1964 uteretur
506 1919 611 1983 usque
631 1903 666 1963 in
687 1901 892 1985 Aegyptum3
924 1915 1141 1968 couvenerant
1163 1916 1274 1971 ¹autem
1296 1907 1367 1982 asi-3

197 2005 281 2066 narii
312 2005 396 2066 inter
420 2023 459 2067 se
488 2025 547 2088 pro
568 2024 677 2068 eorum
698 2023 798 2088 paee,
828 2013 866 2067 ut
893 2007 1001 2070 nullus
1021 2006 1175 2076 suaderet
1196 2011 1366 2091 peregrino

137 2159 143 2168 ,
200 2109 323 2191 eligere
346 2111 434 2172 huno
457 2109 620 2173 velillum
642 2111 786 2193 asinum,
816 2127 878 2172 neo
905 2110 1027 2174 diceret
1048 2111 1174 2200 bestiae
1204 2111 1364 2175 deiectum
1451 2103 1458 2120 “

199 2215 254 2278 vel
274 2216 466 2297 bonitatem,
496 2214 556 2277 sed
577 2217 611 2276 in
641 2215 789 2277 libertate
809 2233 870 2278 uos
892 2215 1104 2297 dimitterent,
1133 2223 1184 2298 nt,
1206 2217 1261 2300 qui
1284 2215 1369 2280 male

200 2303 364 2402 elegisset,
386 2339 451 2382 non
472 2319 604 2382 haberet
621 2321 785 2382 materiam
802 2320 953 2402 litigandi
968 2328 1003 2382 et
1015 2318 1199 2403 inculpandi
1214 2320 1365 2402 aliquem,

198 2441 261 2486 neo
282 2426 431 2506 aeoipere
451 2425 562 2505 posset
591 2426 744 2487 rationem
765 2427 872 2488 minos
893 2424 1061 2509 solvendi,
1092 2445 1187 2508 quam
1208 2425 1279 2507 ille,
1312 2427 1369 2509 qui

199 2547 272 2592 oum
293 2527 378 2591 bona
398 2530 504 2591 bestia
524 2514 632 2591 lueret
651 2530 819 2611 provisus,
842 2539 874 2592 et
895 2531 927 2592 in
948 2531 1030 2614 dare,
1051 2535 1106 2615 qui
1128 2534 1279 2613 optimam
1302 2531 1364 2592 be-

199 2636 296 2696 stiam
315 2633 487 2716 elegisset,
516 2631 659 2696 solveret
677 2653 736 2716 pro
756 2635 857 2696 sooiis
878 2637 1037 2698 ennesius
1058 2637 1113 2698 vel
1134 2634 1274 2714 eibales3
1300 2634 1365 2715 ipsi

199 2739 284 2800 eni'm
305 2738 436 2801 asinarii
455 2738 619 2821 sciebant,
648 2739 705 2822 qui
726 2739 810 2802 asini
831 2748 922 2800 eraut
941 2740 996 2803 vel
1017 2741 1093 2803 boui
1113 2739 1168 2802 vel
1191 2737 1284 2816 mali,
1309 2755 1368 2798 ae-

201 2842 340 2925 qualiter
362 2853 468 2905 tamen
480 2851 572 2906 erant
588 2843 681 2906 strati
693 2860 814 2905 omnes.
836 2841 1068 2907 Disourrsbant
1078 2862 1156 2926 ergo
1170 2842 1289 2904 domini
1305 2842 1368 2905 mei

200 2947 321 3010 milites
351 2949 435 3011 inter
464 2949 576 3012 minos
606 2954 641 3009 et
666 2963 753 3010 nono
782 2947 871 3011 illum
900 2964 988 3011 nuno
1019 2950 1120 3010 iatum
1141 2947 1308 3009 tentabant
1335 2954 1369 3008 et

201 3050 286 3112 inter
309 3069 347 3114 ss
379 3052 604 3134 disceptabant
628 3060 660 3113 et
682 3069 874 3134 quamquam
895 3051 958 3114 duo
976 3050 1031 3113 vel
1054 3060 1120 3112 tres
1141 3052 1307 3133 peregrini
1327 3048 1368 3112 ad

199 3173 297 3217 uuum
315 3158 440 3220 asinum
459 3156 653 3238 pendebant.
689 3152 783 3233 Quod
802 3174 865 3238 ego
883 3173 1031 3238 eernens,
1047 3173 1089 3217 ne
1106 3157 1244 3240 aliquem
1262 3157 1368 3219 olisn-

201 3258 328 3343 derem,
350 3241 422 3323 mea
443 3261 601 3336 eleetiono
623 3262 745 3324 reeessi
771 3260 813 3323 de
833 3277 935 3344 grege
956 3267 991 3324 ot
1013 3261 1147 3324 aseendi
1168 3279 1228 3344 per
1246 3259 1368 3342 gradus

200 3364 347 3446 lapideos
365 3382 469 3447 usqne
490 3365 531 3428 ad
553 3367 670 3429 ostium
693 3365 854 3434 eeclesiae
875 3365 967 3450 Syon
990 3375 1022 3428 et
1053 3367 1087 3432 in
1107 3367 1217 3429 limine
1237 3381 1366 3432 sessum

200 3472 331 3552 aeoepi,
365 3478 400 3532 et
429 3471 579 3534 deorsum
607 3473 648 3532 iu
682 3471 845 3534 asinorum
874 3489 1008 3555 gregem
1039 3472 1168 3553 respexi
1197 3470 1367 3552 eligentes,
1468 3521 1474 3551 ,

198 3591 283 3655 quos
304 3575 522 3657 consideravi,
545 3571 577 3636 el
601 3576 636 3637 iu
656 3593 709 3637 rue
727 3579 800 3657 ipso
818 3575 1006 3659 deliberavi,
1028 3593 1126 3659 quam
1148 3577 1283 3638 bestiam
1306 3573 1368 3635 eli-

198 3695 279 3760 gere
299 3679 427 3742 vellem.
454 3679 533 3743 Vidi
553 3689 659 3742 autem
679 3680 763 3742 inter
783 3681 894 3743 asinos
915 3699 1013 3749 unum
1030 3687 1231 3763 magnumst
1250 3677 1367 3758 album,

199 3785 370 3846 oui-aures
402 3783 646 3868 dependebant,
676 3791 709 3846 et
733 3792 832 3867 eaput
858 3803 961 3869 grave
987 3785 1158 3848 videbatur
1187 3783 1307 3846 babere
1335 3789 1369 3842 st

199 3890 341 3969 speeiem
369 3889 483 3972 pigrae
508 3890 632 3953 bestiae
652 3889 871 3972 praelerebat,
902 3907 965 3954 nee
985 3891 1102 3973 aliquis
1124 3889 1166 3952 de
1185 3886 1368 3970 peregrinis

198 4011 272 4057 eum
297 4003 433 4077 tangere
461 3994 600 4058 volebat.
644 3996 686 4058 lit
708 3994 749 4058 ad
770 3993 858 4056 illam
879 3997 1019 4058 bestiam
1041 4013 1094 4060 me
1114 3993 1268 4073 limitavi,
1301 4005 1367 4053 uon

199 4098 285 4184 quod
305 4097 425 4184 aliquid
445 4100 521 4163 boni
539 4117 707 4164 numerem
728 4100 762 4163 in
785 4116 836 4180 ea,
858 4099 918 4163 ssd
938 4100 1043 4163 solnm
1060 4108 1098 4164 ut
1115 4097 1253 4163 domins
1272 4093 1367 4156 uobi-

198 4202 284 4267 llbua
302 4204 532 4287 jocunditatem
553 4204 694 4270 iaoe'rem
715 4206 750 4267 in
772 4221 828 4287 eo,
859 4203 946 4287 quod
966 4204 1052 4289 elegi
1073 4205 1209 4268 bestiam
1232 4201 1272 4262 ab
1294 4215 1366 4261 om-

198 4309 292 4373 nibus
313 4321 463 4395 spretam.
496 4309 645 4394 Cumque
665 4309 789 4372 nobiles
808 4325 922 4372 omnes
941 4325 1015 4372 oum
1037 4309 1137 4371 multa
1149 4299 1365 4369 sollieitudine
