3132 5206
804 247 847 308 tit

133 407 142 423 ’
247 431 327 494 miro
352 426 447 492 modo
480 424 677 509 reipublicae
707 427 912 509 necessaria,
940 433 1033 490 tante
1053 425 1139 492 erum
1173 425 1360 497 tortitudine
1380 437 1419 496 et

199 603 208 618 ⁸
246 532 383 598 andacia
406 531 514 613 viget,
542 530 634 593 utin
670 531 764 596 bellis
788 541 822 594 et
850 532 1003 614 periculis
1032 532 1146 597 mortis
1183 531 1419 614 imperterritus

247 644 392 718 maneat5
425 635 510 698 domi
531 642 637 702 eutem
664 638 850 698 consistens
894 635 1126 718 rempublicam
1148 635 1421 718 multiplicatione
1533 647 1560 728 ’ξ’

119 791 151 815 ,,
245 741 420 804 liberorum
451 739 527 800 sine
548 737 678 802 deiectu
713 748 922 823 augmentat,
954 756 1016 805 neo
1036 741 1161 802 invenlt
1182 757 1280 820 uxor,
1317 741 1418 807 etiam

245 843 419 926 iracunda,
453 843 609 904 rationem
641 842 813 908 recedendi
835 844 875 906 ab
897 863 953 926 eo,
986 844 1157 925 corrjnncte
1180 852 1246 908 tam
1270 843 1418 910 virtuoso
1534 863 1539 878 „

245 949 422 1034 supposito.
463 947 500 1006 ln
523 944 716 1012 derisionem
738 947 904 1012 calvorum
926 949 1065 1012 recitant
1087 947 1130 1011 de
1149 947 1316 1010 Aeschine
1337 966 1416 1012 ora-

245 1057 319 1112 tore
341 1047 436 1109 calvo
443 1089 454 1129 ,
489 1049 545 1130 qui
567 1047 619 1112 die
641 1051 779 1132 quodam
811 1053 939 1116 moenia
967 1070 1123 1134 egressus
1151 1051 1236 1116 sedit
1257 1053 1291 1112 in
1321 1052 1417 1117 hortu
1532 1017 1546 1133 ξι

244 1153 365 1216 nudato
387 1153 509 1234 capite;
535 1152 644 1236 aquila
664 1163 773 1220 antem
795 1157 829 1219 in
853 1175 931 1220 aere
951 1155 1111 1237 volitans,
1131 1153 1282 1240 praedam
1306 1165 1417 1219 testu-2

246 1257 353 1321 dinem
375 1254 536 1338 unguibus
559 1257 684 1341 ferens,
712 1268 900 1344 terramque
920 1261 1118 1344 respiciens,
1142 1268 1179 1326 ut
1204 1258 1292 1320 illam
1314 1277 1416 1342 snper
1533 1253 1546 1364 ε’

243 1361 383 1445 lapidem
421 1362 601 1444 quempiam
640 1363 804 1426 dimissam
862 1365 1052 1447 frangeret,
1096 1383 1196 1446 super
1236 1363 1415 1428 Aeschinis

245 1474 360 1548 ceput,
393 1464 630 1547 quodpropter
662 1467 826 1532 calvitium
858 1468 986 1552 aquilae
1008 1467 1091 1550 lapis
1119 1467 1305 1551 videbatur,
1339 1486 1414 1536 eam

115 1583 126 1597 ·
156 1612 165 1632 .
202 1594 208 1603 ·
243 1569 362 1635 cadere
393 1570 556 1653 permisit,
591 1580 623 1633 et
645 1571 707 1634 hoo
732 1571 867 1637 vulnere
900 1574 1000 1638 vitem
1022 1572 1139 1638 amisit.
1183 1573 1269 1635 Huic
1304 1579 1413 1635 antem

179 1737 184 1748 ‚
243 1675 427 1742 diffortunio
454 1672 563 1734 Julius
589 1672 713 1736 Caesar
735 1676 866 1738 obviare
888 1675 1020 1760 volens,
1053 1676 1107 1740 vel
1129 1676 1281 1740 calvities
1301 1675 1415 1741 defore
1536 1687 1538 1691 ’

243 1781 385 1842 mitatem
408 1786 478 1840 arte
499 1795 623 1858 ornare,
645 1780 829 1860 impetravit
849 1799 869 1842 a
889 1789 1025 1865 senatu,
1047 1781 1093 1846 uti
1113 1789 1270 1864 perpetua
1290 1780 1412 1856 laurea,

168 1880 177 1896 '
241 1883 451 1948 neonuario
472 1899 558 1944 nunc
580 1880 623 1944 dii
656 1883 781 1967 mundi,
811 1885 984 1948 monarcha
1012 1887 1101 1948 orbis
1122 1883 1227 1970 Papa,
1258 1893 1291 1948 et
1312 1885 1413 1952 totius

243 1987 436 2071 [ecclesiae]
464 1987 626 2068 principes
647 1995 682 2048 et
710 1988 865 2071 ministri,
893 1989 1057 2052 calvitium
1079 1989 1238 2070 capitibus
1257 1991 1327 2053 suis
1348 2007 1414 2051 neq

41 2095 45 2105 “
97 2101 127 2139 “·
242 2099 318 2156 tura
357 2099 517 2174 negante,
557 2101 627 2154 arte
662 2109 806 2154 rasuram
837 2091 994 2158 inducunt
1031 2094 1065 2158 iu
1104 2081 1412 2159 demonstrationem

242 2197 459 2278 eminentiae,
481 2203 516 2256 et
537 2205 656 2278 quanto
678 2196 774 2259 altior
793 2205 919 2278 status,
946 2205 1036 2259 tento
1059 2195 1153 2258 latior
1179 2197 1336 2264 calvities.
1380 2195 1413 2258 0

170 2335 179 2364 r
243 2311 399 2385 qnantum
421 2307 567 2384 optasset
588 2301 748 2381 superbus
778 2300 834 2363 ille
855 2301 1001 2368 Absolon
1028 2319 1066 2364 se
1094 2299 1311 2381 decalvatis,
1333 2299 1413 2370 dum

242 2406 415 2488 palpitaret
445 2403 591 2484 pendens
598 2449 608 2485 ,
640 2421 732 2468 corna
764 2422 945 2487 suspensus
974 2409 1007 2470 in
1037 2422 1176 2491 quercu,
1207 2402 1332 2485 alleg.
1357 2405 1410 2478 ts,

179 2503 190 2520 '
243 2507 407 2586 Quantum
428 2514 535 2568 antem
552 2506 638 2570 calvi
649 2507 720 2570 Deo
739 2508 898 2591 placeant,
914 2518 1001 2592 petet
1020 2527 1062 2572 ex
1083 2508 1162 2571 dura
1183 2516 1215 2570 et
1233 2505 1347 2584 [2⁰6
1357 2508 1413 2586 Α)

242 2611 374 2678 insolita
394 2627 563 2693 puerorum
596 2611 896 2678 ierichontaeornm
928 2614 1057 2678 calvum
1078 2611 1290 2678 deridentium
1313 2614 1412 2696 puni·-

6 2707 8 2814 ἐ
113 2730 121 2743 ·
207 2714 341 2780 'tione
384 2713 462 2778 ldeo
483 2716 518 2776 ln
538 2715 646 2779 viaet
667 2719 701 2778 in
723 2717 794 2781 loco
816 2717 883 2800 illo,
905 2721 939 2784 in
960 2739 1024 2802 quo
1046 2718 1102 2786 illa
1124 2718 1242 2783 derisio
1264 2720 1411 2801 contigit,

241 2824 392 2884 stetimus
399 2865 410 2902 ,
455 2827 488 2880 et
519 2821 725 2884 sanctitatem
768 2822 1026 2907 dignitatemque
1062 2823 1226 2890 calvorum
1258 2831 1411 2886 accurate

156 2993 161 3004 ,
184 2993 190 3005 ,
243 2925 487 2990 considerantes
515 2941 574 2988 eos
605 2937 845 3010 consequenter
865 2928 1022 2993 honorare
1044 2936 1077 2990 et
1098 2945 1300 3011 nequequam
1321 2927 1410 2990 deri-

242 3029 320 3094 dere
341 3029 562 3110 decrevimus,
591 3039 724 3113 propter
745 3051 835 3112 enm,
865 3034 1006 3113 quinon
1028 3031 1091 3093 nisi
1110 3032 1145 3093 in
1166 3040 1274 3094 monte
1295 3031 1410 3098 calvo-

157 3127 168 3145 *
241 3152 312 3196 rum
332 3132 387 3194 vel
418 3131 658 3195 decalvatorum
697 3134 854 3196 redimere
882 3135 1055 3198 humanum
1077 3151 1185 3216 genus
1216 3154 1278 3198 sue
1307 3145 1409 3198 morto

240 3234 355 3298 voluit.
410 3232 514 3315 Cujus
544 3237 658 3312 mortis
691 3237 834 3318 insignia
864 3238 897 3300 in
929 3239 1055 3302 vertice
1086 3247 1118 3302 et
1150 3241 1293 3322 ancipite
1324 3239 1411 3307 calvi

240 3339 445 3422 praeierunt,
482 3339 538 3420 qui
569 3341 633 3400 iem
661 3341 780 3403 mortui
813 3342 879 3404 siut
911 3341 1028 3406 mundo
1066 3351 1100 3406 et
1129 3347 1244 3408 vivant
1267 3344 1408 3416 Christo.

6 3447 8 3464 ¹
79 3482 90 3502 .
184 3453 215 3531 Ἰ
241 3443 348 3527 Caput
370 3443 455 3506 enim
476 3461 584 3504 eorum
614 3443 785 3506 manifeste
806 3447 919 3509 mortis
939 3443 1099 3530 speciem,
1127 3450 1240 3516 mortis
1271 3451 1407 3534 figuram

164 3548 187 3643 J
239 3549 352 3632 habet,
384 3556 416 3610 et
442 3557 552 3612 temen
581 3547 720 3632 ratione,
759 3550 1048 3634 circumspectione
1084 3561 1118 3615 et
1147 3571 1248 3620 sensu
1276 3554 1408 3638 plenum

240 3662 301 3736 est,
323 3655 378 3736 ita,
400 3663 435 3716 ut
456 3651 559 3716 calvis
581 3656 674 3717 bonis
695 3663 727 3717 et
749 3654 895 3718 honestis
917 3656 981 3720 dici
1002 3658 1108 3740 possit
1125 3657 1204 3721 illud
1227 3655 1407 3721 Colossen-

238 3775 294 3822 ses
324 3757 374 3822 3..·
414 3759 529 3821 mortni
564 3758 648 3822 enim
680 3759 780 3842 estis,
810 3766 843 3821 et
874 3761 942 3822 vite
975 3771 1086 3825 vestra
1125 3760 1314 3829 abscondita
1352 3769 1405 3830 est

238 3881 311 3926 cum
335 3861 466 3925 Christo
487 3864 520 3924 in
541 3862 654 3945 gloria.
699 3861 802 3940 Quasi
831 3865 992 3929 diceretur
1020 3868 1083 3930 eis:
1117 3865 1249 3934 mortuis
1280 3862 1405 3931 similes

192 3977 198 3990 ·
238 3967 328 4048 estis,
350 3974 382 4028 et
403 3970 471 4029 vite
488 3977 600 4032 vestre
621 3968 811 4031 abscondita
831 3978 883 4030 est
904 3987 979 4034 cum
994 3970 1127 4036 Christo
1147 3973 1181 4036 in
1202 3970 1314 4053 glorie·
1338 3967 1405 4032 Sed

171 4135 182 4158 ι
237 4089 334 4153 qnam
355 4075 497 4155 separati
531 4081 565 4134 et
595 4073 795 4136 abstinentes
816 4090 836 4134 a
858 4073 954 4139 rebus
976 4076 1072 4158 hujus
1107 4074 1218 4140 mundi
1249 4075 1406 4146 deberent

167 4160 171 4168 ’
235 4191 315 4238 esse
344 4175 448 4256 calvi,
482 4175 622 4238 ostendit
643 4176 833 4260 Apostolus,
858 4175 985 4243 Coloss.
1007 4180 1039 4248 ἵ.
1069 4177 1198 4246 dicens:
1230 4181 1261 4244 si
1288 4179 1406 4242 mentri

162 4349 171 4364 ,
235 4280 316 4342 estin
338 4295 411 4343 curu
434 4279 565 4347 Christo
587 4283 627 4344 ab
649 4281 818 4372 elementis
851 4283 980 4366 muudi,
1008 4285 1086 4368 qnid
1107 4283 1213 4356 adhuc
1242 4293 1405 4364 tamqnam
