3132 5206
117 365 277 430 calvities
297 367 388 430 vitae
409 375 444 429 et
474 363 594 429 aetatis
621 369 853 452 maturitatem,
889 369 1134 436 exstinctionem
1157 365 1300 433 libidinisw
1403 343 1412 355 ⁴

119 479 159 534 et
179 473 331 536 vitiorum
352 471 524 555 puerilium
547 473 842 556 mortificationem,
870 473 960 536 vitae
986 473 1168 555 praesentis
1185 481 1223 534 et
1244 472 1298 534 su-

119 587 219 640 turae
251 578 405 642 nutantis
426 579 646 640 necessariam
669 579 855 641 novitatem.
898 578 961 640 Ils't
983 581 1067 640 enim
1090 578 1217 676 signum
1243 593 1298 638 ro-

120 681 215 744 ltoris
238 691 271 742 et
292 679 591 762 fortitudinisque
613 680 902 764 dicitdristotales
922 681 963 744 de
984 682 1192 762 animalibus,
1212 679 1297 762 quod
1326 711 1329 718 =
1395 727 1427 755 .,,
1465 755 1467 764 Ι

122 788 213 848 inter
235 785 387 848 animalia
407 785 538 868 proprie
558 785 621 846 virt
644 784 732 851 cclvi
752 788 837 870 sint,
859 796 892 849 ot
914 805 977 850 nou
1003 787 1110 870 puori,
1137 801 1199 846 nec
1225 801 1298 860 ιιιιι-
1346 810 1350 819 ·

124 889 244 970 lieres,
267 905 329 951 nuc
351 890 506 971 castrati,
526 889 586 952 sed
607 890 669 952 viri
690 890 836 952 animosi.
869 890 1029 974 Designat
1049 893 1134 954 enim
1156 889 1299 972 pruden-

125 997 226 1076 tiam,
248 1002 284 1056 ut
305 1001 394 1075 patet
416 995 452 1055 in
473 993 529 1056 illo
550 1009 667 1060 versut
698 991 737 1056 Si
759 1011 824 1056 non
845 997 898 1060 vis
929 995 1014 1058 calvi
1035 994 1113 1076 luge
1138 992 1300 1056 consortio

125 1099 224 1162 calvi.
267 1099 366 1160 Hunc
385 1115 517 1162 nemum
539 1097 669 1182 quidem
693 1116 756 1162 non
786 1099 1007 1182 intelligentes
1038 1107 1171 1162 utuntur
1197 1115 1236 1159 eo
1258 1095 1299 1160 cd
1368 1104 1395 1139 '-

127 1204 327 1266 derisionem
348 1201 534 1282 calvorum,
574 1219 646 1266 cum
669 1210 776 1264 tamen
798 1206 834 1265 in
856 1221 967 1266 corum
999 1219 1148 1286 magnam
1171 1200 1298 1264 laudem
1430 1238 1447 1256 .·
1518 1183 1522 1190 ⁵

125 1325 187 1370 ecs
208 1305 386 1390 prudentes
407 1323 484 1369 csse
516 1306 674 1370 ostendet.
717 1308 835 1371 Statim
859 1309 960 1391 enim,
994 1315 1031 1371 ut
1051 1309 1126 1390 quis
1157 1308 1190 1368 in
1213 1303 1299 1371 calvi
1431 1323 1441 1351 ὲ

127 1415 327 1476 consortium
348 1413 455 1493 venit,
477 1429 553 1475 mox
573 1411 743 1494 perpendit
767 1412 899 1496 calvus,
922 1430 963 1474 en
992 1413 1190 1476 consortium
1211 1410 1299 1475 illius
1334 1397 1336 1402 ’
1447 1444 1458 1465 ι

125 1519 171 1582 sit
191 1517 383 1599 honestum,
406 1515 485 1578 utile
511 1523 566 1578 cut
587 1513 794 1599 delectabile,
825 1516 976 1582 velcon.
1022 1519 1067 1579 Et
1089 1516 1163 1579 dum
1184 1515 1299 1578 calvus
1342 1526 1347 1537 ·
1379 1542 1388 1570 =
1420 1524 1426 1535 ·

126 1621 314 1686 considerat
335 1620 532 1684 consortium
560 1619 647 1683 illius
670 1637 733 1682 non
755 1621 948 1703 convenire,
973 1619 1082 1702 abjicit
1103 1640 1195 1700 eum,
1217 1619 1300 1701 urgit
1334 1675 1338 1680 .
1465 1690 1473 1703 .
1516 1632 1522 1647 ¹

127 1745 222 1809 mm,
249 1734 346 1788 covct
368 1725 408 1786 ab
431 1743 488 1805 co,
522 1732 554 1785 et
579 1724 662 1787 tales
682 1729 733 1789 alc
765 1725 867 1808 spreti
895 1723 1043 1806 judicant
1075 1725 1189 1788 calvos
1223 1740 1313 1786 esse
1427 1760 1441 1781 ι

129 1830 323 1912 deceptores
358 1837 390 1891 at
422 1825 577 1910 callidos,
607 1837 641 1892 et
672 1847 790 1892 versus
810 1829 896 1892 talos
929 1839 1132 1913 componunt.
1178 1828 1241 1891 Vol
1270 1826 1311 1906 si,
1370 1818 1377 1833 '

8 1951 10 1970 '
129 1939 205 2020 quis
227 1943 281 1999 est
300 1936 334 1998 in
355 1934 517 1998 consortio
540 1932 625 1996 calvi
652 1943 686 1996 et
707 1936 880 1998 inhenesta
898 1938 976 2017 ogit,
995 1953 1071 1998 mox
1093 1943 1206 1999 contro
1227 1949 1300 1994 eum
1402 1952 1406 1960 ·
1464 1914 1468 1923 ’
1519 2006 1524 2017 1

8 2047 13 2112 ⁵,
129 2037 246 2100 calvus
268 2037 450 2122 consurgit,
483 2037 616 2120 corripit
637 2045 671 2099 ct
692 2040 812 2121 carpit,
843 2047 876 2102 et
897 2039 961 2102 hoc
982 2038 1067 2102 tales
1089 2039 1301 2120 deceptiones
1347 2042 1353 2055 ¹
1417 2062 1424 2077 ·

129 2141 305 2204 nominant.
350 2141 414 2205 Vel
436 2142 512 2224 quio
533 2141 663 2222 cttlvus,
693 2150 729 2204 ut
750 2141 863 2226 decet,
892 2159 1021 2225 semper
1042 2143 1104 2206 sibi
1135 2141 1301 2224 proximus

16 2306 22 2321 ,
131 2261 208 2309 esse
229 2244 353 2328 studet,
374 2255 408 2307 et
427 2253 552 2329 partem
574 2262 666 2308 suam
689 2245 852 2310 meliorem
875 2247 971 2330 facit,
993 2247 1070 2330 quia
1093 2247 1220 2312 scilicet
1239 2244 1302 2307 hcc
1364 2272 1376 2293 ι

8 2327 13 2462 ἶ
131 2351 348 2434 proverbium,
361 2367 424 2434 quo
447 2349 564 2413 dicitur
581 2348 781 2432 maledictus,
803 2353 858 2434 qui
870 2351 1061 2416 deteriorem
1080 2351 1156 2415 iecit
1176 2356 1302 2434 partem

131 2471 244 2537 suam,
266 2462 304 2518 ut
325 2473 403 2537 ergo
425 2455 488 2517 sibi
508 2472 637 2537 semper
658 2457 824 2537 proximus
844 2459 905 2541 sit,
932 2467 965 2520 et
991 2457 1089 2521 iaciat
1110 2475 1201 2519 suam
1224 2471 1303 2538 par·
1353 2530 1358 2539 ι

132 2569 197 2622 tera
220 2577 287 2622 uon
312 2558 520 2640 deteriorem,
550 2567 701 2622 conatum
720 2579 846 2624 omnem
879 2563 1012 2644 apponit
1051 2559 1183 2641 calvus3
1215 2556 1303 2641 quod

132 2662 209 2728 dunt
230 2663 402 2747 improvidi
424 2672 457 2726 et
486 2662 650 2726 maledicti
679 2661 806 2746 vident,
838 2669 893 2747 qul
926 2683 1055 2747 semper
1085 2673 1303 2746 portassetis
1422 2662 1431 2680 '

132 2768 311 2832 deteriores
334 2769 474 2851 iooiunt,
504 2767 652 2831 invident
679 2768 801 2849 calvis,
822 2778 855 2830 et
873 2767 1040 2850 judicant,
1066 2785 1124 2830 eos
1147 2784 1221 2830 esso
1242 2765 1304 2828 de·

132 2871 301 2956 ceptoies,
333 2889 406 2936 cum
436 2874 503 2936 sint
534 2871 703 2935 meliorum
737 2871 891 2934 bonorum
923 2871 1100 2954 prudentes
1133 2870 1304 2938 electores.
1354 2924 1360 2942 ,

133 2977 291 3048 ‚calvities
311 2982 451 3060 pertinet
472 2978 568 3040 otiam
590 2975 633 3038 ad
656 2983 801 3039 ornatum
824 2975 980 3058 hominis,
1010 2993 1075 3038 non
1096 2974 1225 3059 quidam
1246 2993 1305 3058 per
1380 3035 1385 3045 ,
1476 2986 1522 3004 ··

133 3097 188 3164 se,
209 3081 270 3145 sed
299 3099 359 3164 per
389 3080 550 3144 accidens.
594 3079 734 3142 Multum
764 3080 849 3141 enim
871 3080 956 3144 calvi
987 3089 1063 3144 sunt
1094 3080 1305 3147 communiter
1347 3152 1355 3161 ,

133 3187 268 3250 multum
290 3186 433 3268 barbati,
465 3192 497 3248 et
520 3183 619 3250 multo
649 3183 790 3266 amplius
812 3183 944 3256 decorat
966 3187 1065 3248 turha
1095 3184 1157 3247 viri
1178 3184 1305 3266 taciem,

134 3308 232 3375 quam
264 3289 416 3353 calvities
452 3287 626 3352 dedecoret
658 3291 825 3352 verticem.
868 3289 964 3354 Celvi
996 3292 1094 3354 etiam
1126 3287 1306 3354 secundum

133 3393 347 3460 Aristotelem
369 3393 533 3457 abundant
559 3396 594 3454 in
627 3393 775 3454 omuibus
806 3391 879 3456 eliis
912 3396 1058 3479 partibus
1081 3395 1242 3476 corporis,
1272 3394 1307 3458 iu

133 3501 252 3585 quium
273 3499 331 3582 pilt
352 3515 503 3562 crescere
524 3506 783 3579 consueverunt,
804 3496 899 3578 pilis,
920 3507 955 3562 ut
977 3501 1012 3560 in
1034 3507 1177 3581 pectore,
1198 3499 1307 3580 barba,
1359 3480 1365 3491 ⁸

133 3603 312 3690 pudendis,
335 3619 419 3688 quae
440 3603 548 3666 omnio
573 3600 748 3684 designent
769 3603 876 3666 virum
898 3603 1109 3685 laboriosum,
1142 3601 1307 3686 audacem,

133 3727 296 3774 veracem.
340 3706 408 3771 Sed
429 3713 723 3791 quantumcumque
755 3704 897 3770 abundet
918 3710 992 3790 quis
1023 3709 1098 3792 pilis
1126 3710 1160 3772 tu
1192 3709 1309 3791 capite,
1445 3737 1450 3745 ·

135 3809 320 3898 ιιιιιιιιιιιιιιιΙ
331 3811 404 3878 ideo
416 3813 581 3895 judicatur
600 3811 652 3875 vir
669 3811 776 3879 audax
792 3811 847 3874 vel
867 3811 1109 3895 imperterritus,
1123 3812 1182 3878 sed
1202 3815 1310 3896 potius

136 3937 177 3984 ex
216 3917 353 4003 pilorum
390 3915 593 4002 longitudine
628 3926 662 3979 et
694 3915 900 3979 multitudine
930 3915 1094 4000 judicatur
1135 3917 1311 4000 muliebris,

11 4044 16 4065 ¹
135 4023 380 4103 effoeminatos,
411 4033 446 4085 et
465 4021 604 4106 pevidus
628 4021 684 4084 vel
720 4021 862 4107 puerilis.
905 4019 997 4086 Solet
1027 4031 1134 4086 autem
1155 4020 1197 4083 de
1216 4018 1311 4087 cclvo
1364 4070 1379 4101 ς

136 4129 350 4194 menuitur
371 4125 437 4194 dlci
457 4129 492 4192 in
521 4125 672 4210 laudem,
705 4125 791 4209 quod
822 4125 940 4192 calvus
965 4146 1137 4212 numquam
1166 4125 1250 4208 logtt
1270 4121 1313 4184 do

136 4233 278 4318 proauo,
310 4247 374 4300 noc
404 4249 487 4302 uxor
515 4233 557 4299 ab
579 4249 657 4345 eo,
672 4232 707 4296 in
737 4247 802 4315 quo
823 4248 844 4294 a
867 4230 991 4316 duplici
1009 4233 1136 4334 ‘virtute
1162 4225 1312 4290 laudatur
1370 4280 1382 4293 ,
