3204 5216
728 197 790 304 io?

157 380 255 450 Sunt
273 396 353 444 uero
374 376 463 461 globi
482 379 540 442 isti
561 379 753 462 semperne
773 378 871 447 ioeda
884 376 1035 458 materia,
1057 375 1192 444 sirene
1209 386 1338 460 pteroo-

157 485 257 548 ribus
287 472 426 565 ittmjm
453 482 611 548 animuin.
662 483 771 568 Scope
784 484 932 569 ‚aristiti
966 483 999 545 in
1025 481 1112 575 via„
1130 489 1165 544 nt
1192 480 1337 544 vidoram

157 589 345 653 cremonen
374 604 434 668 per
463 588 550 650 viam
583 587 699 670 globos
730 568 764 652 in
796 587 894 672 dupio
926 607 965 651 se
986 587 1125 670 majores
1152 587 1338 650 mimbittter

158 686 348 774 trudentes,
369 690 455 772 quod
474 693 510 753 in
537 694 659 781 nostris
678 694 824 777 partibus
854 711 919 755 non
949 692 1037 774 vidi,
1067 691 1217 776 quamvis
1245 689 1337 770 multi

157 818 223 882 per
245 797 320 860 vias
347 797 381 857 in
404 784 557 878 equorum
578 798 779 861 stercoribus
809 784 969 864 crescant.
1012 796 1071 860 Sic
1098 813 1176 878 ergo
1203 794 1339 876 contigit

159 904 207 998 in⁸
220 903 312 964 iacto
336 917 419 982 meo,
443 900 530 983 quod
550 902 663 965 crabro
684 881 819 980 invento
840 899 1020 973 schwibulo
1040 902 1145 988 ipsum
1167 897 1337 992 rotunduin

161 1008 245 1072 fecit
267 1012 301 1066 et
324 1001 436 1068 calceo
458 1025 530 1068 meo
552 1005 678 1070 induxit
700 1015 733 1069 et
753 1007 926 1090 hospitium
948 1026 1055 1070 meum
1075 1005 1196 1068 habere
1223 1002 1333 1066 votuit.

161 1110 217 1172 De
239 1116 315 1192 post
334 1125 436 1189 scope
457 1109 525 1172 dixi
547 1107 685 1175 dominis
704 1114 887 1196 peregrinis
906 1120 1007 1176 totum
1029 1111 1160 1191 iactum,
1180 1091 1336 1170 etiarns-

161 1214 288 1284 tionem
309 1221 344 1274 et
362 1213 580 1296 suspicionem
603 1233 716 1278 meam.

250 1317 490 1399 nummosi.
522 1320 576 1382 ΙΙΙ.
601 1337 630 1382 c
651 1321 682 1382 2.
703 1328 736 1381 ot
756 1319 795 1382 11.
816 1320 847 1382 5.
880 1338 908 1384 c.
940 1320 991 1387 12.
1022 1316 1063 1381 rte
1094 1315 1338 1400 praeparatione

161 1421 375 1505 euangelici,
416 1412 560 1485 nominat
596 1427 742 1487 crebrum
782 1426 1009 1507 scarabaeum,
1042 1422 1084 1486 de
1116 1441 1181 1504 quo
1214 1421 1336 1504 antiqui

160 1527 326 1611 Aegyptii
346 1524 512 1611 dicebant,
529 1527 616 1611 quod
638 1538 728 1592 esset
741 1530 860 1592 animal
872 1548 978 1593 rerum
1001 1513 1181 1591 divinarum
1195 1524 1335 1589 indoctis

161 1631 400 1720 abominabile,
429 1627 489 1694 s'ed
521 1631 625 1698 doctis
646 1650 773 1698 summe
797 1635 1000 1717 venerabile,
1028 1651 1101 1697 oum
1123 1633 1168 1694 sit
1183 1631 1337 1693 unimuta

162 1738 247 1801 eolis
272 1736 412 1818 effigies,
434 1745 468 1798 et
500 1727 642 1800 inomni
670 1737 836 1804 individuo
864 1736 989 1802 viniem
1017 1755 1132 1800 sexum
1159 1738 1266 1818 habet,
1301 1743 1337 1796 et

162 1849 329 1924 spermate
351 1842 386 1902 in
407 1848 534 1904 stercus
549 1843 659 1907 intuso
680 1843 747 1926 piis
768 1843 886 1906 exinde
905 1842 1056 1907 coniecta
1076 1838 1335 1924 pedibnsinvol-

162 1948 224 2028 vit,
245 1945 348 2035 veiati
368 1943 418 2006 soi
439 1946 565 2009 coelum
586 1957 620 2009 et
642 1925 786 2010 mensem
804 1947 947 2012 lunarem
962 1926 1141 2031 exspectat.
1185 1945 1229 2010 Ut
1240 1946 1336 2008 etiam

163 2057 258 2134 paret
282 2026 363 2134 pas.
391 2050 431 2112 11.
452 2049 507 2113 ror.
532 2049 594 2116 rar
612 2053 649 2113 a.

214 2297 275 2374 De
300 2295 528 2396 regionibus,
554 2322 644 2396 quas
667 2295 822 2372 vidimus
846 2297 882 2373 in
909 2289 1297 2412 montibusiingeddi.

248 2477 429 2554 Redeundo
461 2478 502 2541 ad
538 2480 754 2563 propositum,
786 2498 806 2543 a
837 2498 900 2564 quo
938 2479 1108 2562 digressus
1140 2493 1229 2558 sum,
1249 2465 1334 2537 -'cum

165 2589 292 2648 noctem
313 2583 348 2644 in
369 2582 454 2645 clivo
475 2585 594 2646 montis
616 2585 766 2668 ltingaddi
787 2585 980 2667 egissemus,
1001 2591 1039 2646 ut
1059 2562 1153 2662 dini,¹
1171 2587 1242 2642 orto
1263 2578 1335 2641 sole

164 2686 642 2772 consequenteradscendimus
657 2689 691 2751 in
710 2689 810 2751 altum
828 2690 992 2768 montium,
1013 2688 1047 2748 in
1060 2685 1214 2748 eminenti
1226 2691 1334 2746 autem

164 2794 206 2858 ad
227 2765 388 2880 quea‘tiam
410 2792 706 2876 iocum-venimus,
727 2795 761 2856 in
783 2812 847 2876 quo
869 2794 979 2876 piures
1010 2789 1156 2854 cumulos
1193 2787 1334 2868 lapidum

168 2905 385 2981 comportatos
419 2897 623 2981 reperimus,
654 2916 737 2982 quoa
770 2897 894 2963 tamum
914 2893 1087 2958 Sarraceni
1119 2895 1153 2954 in
1179 2891 1334 2956 honorem

163 3002 304 3086 Moysis,
326 2983 421 3083 cuius
446 3019 547 3065 causa
567 3001 674 3065 statim
697 3003 843 3086 patebit„
869 3002 907 3063 In
927 2999 983 3062 iilo
1005 3014 1083 3080 ergo
1104 2997 1177 3061 ioco
1206 2996 1333 3062 substi-

167 3108 272 3187 timus,
295 3115 330 3170 ut
350 3107 513 3196 regionem
535 3107 841 3190 contemplaremur,
863 3107 939 3191 quia
968 3105 1002 3167 in
1033 3103 1113 3166 alto·
1130 3117 1271 3184 oramus,
1299 3107 1334 3162 ot

158 3211 267 3293 longo
287 3210 417 3294 lateque
433 3219 619 3294 poteramus
640 3213 789 3296 regiones
809 3212 922 3274 videre
942 3207 1176 3281 eisJordanem
1199 3215 1231 3268 et
1243 3198 1334 3269 tratis

169 3315 358 3400 Jordanem,
379 3315 462 3409 nitra
483 3333 573 3378 mare
595 3325 751 3380 mortuum
781 3324 814 3379 et
834 3321 916 3380 or'tra
935 3312 1029 3397 iliud,
1057 3320 1090 3375 et
1111 3312 1205 3394 qussi
1232 3319 1333 3376 totam

169 3418 358 3485 Sodomam:
383 3419 507 3503 'genera
539 3419 620 3502 ojus,
643 3423 792 3504 regiones
823 3431 856 3484 ot
877 3422 959 3503 loca,
995 3435 1080 3502 quae
1101 3417 1253 3498 vidimus,
1281 3415 1335 3477 hio

168 3524 258 3587 brevi
291 3542 441 3587 sermone
469 3523 546 3588 voio
564 3510 764 3609 discribere,
795 3527 880 3589 sicut
902 3534 935 3588 et
955 3529 1081 3608 partem
1111 3521 1270 3604 descripsi
1294 3521 1334 3585 in

170 3637 278 3693 monte
298 3627 518 3709 Quagantinac
536 3627 590 3693 iol.
610 3630 675 3694 210
695 3631 732 3692 B.

249 3733 356 3820 Primo
378 3752 456 3818 ergo
477 3734 675 3816 conjecimus
697 3733 808 3796 oculos
829 3739 941 3794 contra
962 3730 1117 3794 orientem
1139 3740 1182 3793 ot·
1195 3731 1333 3795 vidimus
1382 3769 1386 3776 ·

169 3846 320 3938 moptana
339 3840 490 3922 Arabiae,
512 3841 597 3903 intra
624 3857 708 3922 quae
728 3837 927 3922 praeeminet
949 3851 1041 3900 mone
1065 3835 1258 3919 numenius,
1278 3837 1333 3919 qui
1434 3820 1447 3846 ’

169 3943 199 4006 itt
231 3943 437 4008 interioribus
474 3943 591 4007 dicitur
623 3944 778 4026 Abyrim,
807 3943 840 4004 in
874 3941 979 4004 medio
1011 3941 1124 4023 Nebo,
1155 3941 1189 4004 iu
1210 3938 1334 4005 vertice

171 4060 245 4111 aero
287 4055 422 4112 vocatur
460 4049 600 4118 Pirama,
661 4049 699 4110 ln
724 4028 833 4122 'huno
874 4055 1015 4110 montom
1045 4047 1144 4129 jussit
1173 4021 1332 4109 Dominus

169 4153 304 4237 Moysen
324 4153 524 4237 ascendere,
538 4163 573 4216 ut
594 4150 672 4217 inde
691 4149 962 4246 congemplaretur
982 4159 1100 4214 terram
1118 4159 1276 4232 sanctem,
1299 4151 1333 4213 ia

168 4275 257 4340 quam
290 4257 411 4322 intrare
442 4275 506 4322 non
527 4267 671 4342 poterat,
704 4265 738 4317 ut
771 4256 908 4319 habetur
922 4255 1024 4324 Dect.
1053 4253 1110 4319 st.
1161 4251 1231 4316 Sub
1265 4255 1334 4318 teto
