3202 5218
700 301 763 368 585

362 497 403 572 N
406 497 540 574 otenda
564 505 631 601 pro
656 497 847 574 intellectu
875 495 1101 601 scripturae.

228 675 355 756 Querte
376 675 449 754 die,
470 695 554 760 queo
579 685 629 742 ost
656 680 741 742 besti
773 679 944 743 Frerrcisri
975 679 1193 763 contessoris,
1225 699 1321 745 mene

145 794 222 848 ente
248 784 352 846 iucem
375 786 416 844 eb
449 782 589 846 lienede
627 788 822 848 recesstmus
852 783 1091 848 descendentes
1110 804 1169 867 per
1192 784 1319 848 letissi-

45 893 50 900 '
148 907 219 952 mos
242 897 275 951 et
302 887 502 952 aridissimos
524 905 656 970 cempos
677 905 776 972 super
798 907 886 952 mere
913 889 1059 972 rubrum,
1083 899 1157 971 post
1188 889 1319 972 longum

145 1004 252 1057 eutem
276 1002 309 1056 et
332 992 512 1056 taediosum
535 991 728 1056 descensum
745 996 895 1056 venimus
917 992 959 1055 ed
981 990 1137 1075 quaedem
1157 1001 1320 1077 montcue,

145 1097 186 1161 ed
219 1116 352 1182 qnorum
383 1096 509 1160 redices
546 1114 634 1160 ωηο
672 1098 800 1161 rubrum
834 1099 978 1182 tingnem
1023 1095 1167 1159 extendit
1214 1097 1322 1179 ibique

145 1205 242 1265 tinem
276 1202 370 1285 tecit,
404 1209 438 1264 et
470 1203 556 1265 circe
587 1200 675 1264 iilum
705 1205 803 1266 meris
834 1204 1005 1270 terminum
1028 1209 1079 1263 est
1111 1202 1206 1264 etiem
1236 1218 1320 1264 uuus

145 1313 277 1391 portus,
300 1305 340 1368 ed
364 1324 458 1389 quem
490 1323 593 1367 neves
614 1305 788 1389 applicent.
833 1308 869 1369 ln
890 1306 947 1369 itte
968 1306 1047 1369 bore
1075 1305 1243 1368 ebsotntus
1276 1305 1322 1367 ini

144 1430 165 1473 s
194 1429 312 1493 meguo
345 1409 458 1493 dubio,
491 1410 576 1493 quod
616 1410 648 1472 in
680 1429 733 1474 ωο
760 1411 857 1474 bubni
878 1429 938 1493 per
966 1418 1065 1472 totum
1088 1410 1160 1478 iter.
1203 1408 1322 1472 Certus

144 1517 229 1578 enim
255 1516 319 1598 ini,
347 1531 408 1577 uos
440 1523 597 1577 venturos
628 1512 670 1576 de
702 1515 832 1578 deserto
857 1516 890 1578 in
913 1525 1028 1576 terrem
1063 1515 1226 1598 Aegypti,
1262 1511 1322 1575 sed

146 1618 306 1703 quqmodo
334 1637 392 1701 per
419 1637 507 1681 ωηο
536 1620 663 1682 rubrum
687 1637 838 1683 essemus
867 1619 1050 1701 transituri,
1086 1620 1231 1702 cogitare
1261 1636 1323 1679 uon

145 1705 247 1807 potui.
290 1723 408 1785 Putevi
429 1724 532 1805 enim,
563 1723 648 1806 qnod
683 1744 772 1786 mere
807 1725 934 1787 rubrum
967 1723 1210 1786 continueretnr
1243 1723 1321 1784 meri

145 1828 401 1908 mediterreueo,
433 1845 475 1896 ex
496 1846 559 1912 quo
590 1826 648 1890 dlii
679 1828 780 1890 isreel
814 1828 894 1890 meri
923 1827 1059 1889 transito
1092 1827 1124 1889 iu
1158 1826 1322 1889 desertum

145 1933 307 2016 venerint,
328 1949 390 1994 nec
407 1930 602 1994 Cbristienis
624 1932 718 1995 etiem
741 1935 826 1996 viem
850 1948 928 1994 esse
950 1949 970 1993 e
991 1940 1076 1992 terre
1099 1940 1210 1993 structe
1232 1928 1323 1992 etde

145 2045 254 2099 monte
275 2035 389 2119 Synei,
412 2036 475 2101 nisi
496 2055 555 2119 per
568 2036 733 2099 bruchium
756 2037 854 2100 meris
876 2036 972 2119 rubri,
994 2054 1052 2118 per
1067 2035 1152 2117 quod
1171 2038 1320 2097 exierunt

145 2142 203 2204 dlii
229 2141 329 2205 isreel
353 2140 393 2203 de
414 2151 501 2204 terre
521 2140 667 2224 Aegypti
676 2185 687 2223 ,
709 2159 771 2204 uec
802 2150 914 2223 posset
943 2141 1036 2203 etiter
1064 2140 1152 2223 beri,
1175 2141 1204 2200 si
1235 2156 1324 2200 ωηο

145 2248 274 2310 rubrum
296 2263 368 2308 cum
392 2246 470 2307 meri
494 2243 731 2308 mediterraneo
752 2254 842 2308 esset
859 2245 1032 2329 junctum,
1053 2245 1135 2308 sicut
1160 2245 1321 2326 putebem.

143 2350 211 2414 Sed
233 2352 390 2432 mireber,
414 2351 443 2412 si
465 2369 529 2412 uon
549 2357 655 2432 potest
687 2366 763 2412 esse
791 2350 937 2433 egressio
959 2350 991 2411 in
1020 2348 1230 2431 Aegyptum,
1260 2347 1324 2407 nisi

145 2475 313 2539 perurere
347 2455 493 2532 rubrum,
525 2451 686 2536 quomode
707 2462 777 2535 est,
808 2451 894 2535 qnod
916 2452 1084 2535 Scriptum
1119 2470 1213 2515 sucre
1245 2448 1322 2511 nibil

146 2560 288 2643 loquitur
310 2559 352 2622 de
373 2559 453 2641 boc,
495 2576 566 2621 cum
598 2557 688 2620 motti
717 2556 867 2640 legentur
898 2557 1111 2621 descendisse
1140 2555 1181 2619 de
1208 2563 1324 2618 secrete

143 2673 228 2727 terre
246 2665 278 2727 in
287 2664 475 2746 Aegyptum
499 2672 534 2725 et
553 2660 755 2744 escendisse,
772 2661 886 2725 nectit
908 2664 1029 2724 mentio
1052 2661 1093 2724 de
1113 2661 1190 2722 meri
1213 2660 1321 2738 rubro,

144 2769 208 2830 nisi
231 2768 357 2851 quaudo
379 2767 435 2830 diii
467 2767 568 2830 isreel
604 2763 878 2851 egrediebantur?
922 2767 964 2829 Et
985 2768 1013 2829 si
1036 2763 1099 2826 eliu
1128 2766 1181 2826 uie
1214 2772 1323 2847 potest

145 2871 187 2934 de
208 2873 501 2955 Aegyptotrensiri
524 2871 564 2934 ed
583 2881 721 2935 montem
735 2871 851 2955 Synei,
867 2888 968 2954 quere
989 2868 1046 2932 filii
1062 2869 1162 2930 isreel
1186 2867 1323 2931 troducti

149 2977 280 3038 inerunt
305 2995 363 3059 per
390 2995 477 3039 ωηο
508 2975 669 3039 insuetum
693 2979 771 3058 iter,
808 2985 840 3040 et
870 2994 933 3038 non
966 2993 1024 3057 per
1055 2981 1162 3036 terrae
1184 2980 1319 3035 stratum

147 3077 339 3144 commune?
361 3082 435 3143 Hoc
460 3080 589 3145 dubium
629 3081 725 3146 bodie
759 3081 957 3164 experientis
987 3077 1087 3142 solvit
1119 3077 1211 3158 mibi,
1246 3093 1320 3138 nem

148 3203 237 3247 mere
262 3184 390 3248 rubrum
409 3206 477 3259 uon
500 3185 723 3270 condependet
757 3188 835 3248 meri
864 3182 1113 3263 mediterrerreo‚
1136 3179 1195 3244 sed
1227 3197 1322 3263 meg·

148 3309 221 3352 num
246 3292 397 3374 spetiem,
420 3291 681 3355 muitemontene
704 3292 900 3353 intersecant
922 3297 954 3352 et
970 3289 1053 3352 inter
1074 3296 1242 3368 utrumqne
1265 3285 1321 3347 vie

146 3397 327 3458 communis
350 3407 399 3458 est
423 3415 442 3459 e
465 3405 551 3460 terre
572 3407 686 3460 sencte
707 3398 741 3459 in
759 3396 947 3479 Aegyptum
976 3395 1048 3458 sine
1067 3391 1201 3456 transitu
1229 3406 1326 3453 ercus

149 3501 270 3582 meris,
306 3501 426 3581 stilti,
463 3503 518 3584 qni
546 3500 587 3564 de
608 3502 763 3587 Aegypto
783 3499 960 3562 escendere
992 3498 1103 3561 voiunt
1127 3495 1167 3558 ed
1189 3503 1327 3557 mentem

145 3602 267 3686 Syrrei,
291 3614 459 3666 transeunt
483 3604 545 3668 boc
565 3604 702 3668 medium
726 3615 758 3664 ot
781 3603 822 3666 ed
845 3604 921 3664 titus
950 3603 1048 3662 meris
1070 3599 1160 3660 rubri
1181 3596 1327 3659 edesen-

144 3707 223 3771 dunt
242 3706 316 3769 sine
336 3709 634 3788 trurrsnuvtgetione
655 3707 762 3768 meris.
819 3703 856 3766 Si
877 3712 983 3765 eutem
1007 3718 1094 3763 mere
1115 3700 1244 3762 rubrum
1263 3714 1327 3758 non

144 3819 252 3894 esset,
283 3819 361 3872 tuuc
381 3810 413 3871 in
434 3817 522 3873 terre
549 3809 693 3892 Aegypti
716 3807 928 3870 escenderent
951 3822 1057 3888 usqne
1078 3801 1119 3867 ed
1143 3802 1326 3884 oppositum

148 3915 268 3987 mestis
290 3913 393 3997 Synei
416 3922 446 3976 et
470 3912 569 3976 mutto
590 3913 846 3997 propinquiorem
871 3912 956 3974 viem
979 3909 1132 3972 heberent
1155 3924 1250 3990 quem
1274 3906 1324 3967 sio

151 4018 299 4102 gyrando
328 4027 425 4102 ceput
453 4019 559 4083 meris.
604 4017 724 4082 Eduxit
753 4035 831 4100 ergo
855 4015 1013 4079 Dominus
1044 4013 1129 4078 titios
1161 4009 1263 4074 isreel
1286 4008 1328 4072 de

149 4123 309 4206 Aegypto
330 4124 603 4209 propinquissime
615 4128 670 4188 vie
687 4131 800 4188 contre
816 4127 956 4186 montem
968 4117 1072 4204 Synsi
1085 4136 1145 4203 per
1164 4114 1327 4178 bruchium

148 4228 245 4288 meris
273 4231 367 4311 quest
404 4247 447 4292 ex
468 4230 617 4314 opposito
640 4231 760 4294 montis
779 4227 882 4310 Syuei
904 4234 937 4288 et
958 4224 1101 4307 pepercit
1126 4220 1263 4304 populo,
1286 4233 1329 4279 ne

148 4328 302 4391 circuitus
325 4329 484 4412 fecerent,
516 4333 578 4396 sed
600 4335 697 4398 citius
729 4330 772 4394 ed
797 4338 936 4394 ruentem
968 4327 1031 4388 Dei
1058 4327 1206 4387 uenirent
1229 4330 1262 4384 et
1291 4331 1327 4383 ut
