3202 5218
908 267 972 332 sta

643 463 826 540 Deiectus
851 485 1023 560 aquarum
1049 460 1248 535 molestus

441 649 504 713 Die
539 645 664 728 XXX„
697 645 809 708 ultima
837 643 1056 728 Septembris,
1089 659 1180 725 quse
1216 649 1270 702 est
1290 637 1329 706 S.
1363 637 1520 718 Jeronynri,

358 757 467 846 statim
488 760 561 836 post
583 751 687 814 noctis
709 749 847 812 medium
869 768 889 812 s
911 749 982 812 loco
1004 748 1156 832 praelato
1187 745 1391 812 recessimus
1412 750 1521 824 quatuor

361 863 451 926 horis
472 866 549 920 ante
571 854 655 918 diem
677 863 710 918 et
729 873 786 938 per
819 853 917 918 devia
937 854 1060 917 deserti
1094 852 1311 935 perreximus
1340 855 1521 936 posttergan-

363 975 415 1030 tes
438 965 554 1028 altiora
575 969 606 1022 et
628 960 782 1022 interiora
803 967 970 1040 montane,
994 967 1118 1020 etcum
1139 951 1218 1040 jam'
1242 956 1335 1017 clare
1357 959 1444 1014 esset
1462 948 1520 1028 diat,

360 1072 510 1136 venimus
532 1067 565 1128 in
589 1065 750 1126 desertum
785 1063 1008 1145 Ramathaim,
1043 1064 1098 1126 ubi
1129 1039 1345 1124 mansionem
1378 1055 1521 1118 habuimus

359 1176 411 1240 die
433 1173 532 1254 xlii,
555 1170 597 1234 ed
611 1167 735 1232 radices
757 1169 898 1252 regionis
909 1168 1111 1252 Raohksym,
1132 1167 1192 1230 nbi
1215 1177 1447 1253 perpraeceps
1466 1155 1521 1219 des·

359 1279 544 1359 condimus,
566 1276 652 1338 sicut
683 1273 875 1336 dictumest
908 1274 963 1337 sol.
986 1276 1029 1338 28
1049 1275 1082 1340 b.
1126 1272 1206 1334 Non
1246 1279 1361 1332 autem
1394 1280 1521 1327 reascen-

359 1385 464 1449 dimus
486 1401 544 1465 per
570 1379 692 1444 clivum
723 1379 757 1440 in
779 1389 932 1442 montano
960 1379 1032 1460 illa,
1063 1377 1123 1440 sed
1146 1377 1294 1450 dimissu
1316 1361 1522 1436 altitudinem

360 1489 506 1554 dextram
528 1490 642 1546 contre
664 1502 752 1545 mare
774 1485 901 1548 rubrum
931 1483 1159 1548 descendimus
1196 1490 1231 1544 et
1255 1480 1303 1542 ibi
1325 1497 1346 1539 e
1367 1478 1422 1538 via
1442 1467 1521 1534 decli·

359 1595 526 1672 nevimus,
567 1605 625 1670 per
655 1606 751 1670 quam
783 1589 924 1671 ingressi
954 1590 1117 1652 fueramus
1138 1597 1172 1652 et
1203 1595 1325 1649 contre
1359 1581 1520 1660 Aegyptum

358 1715 419 1760 nos
441 1693 670 1759 convertimus.
712 1693 842 1756 luteres
864 1693 1013 1756 defectus
1035 1713 1138 1778 oquae
1159 1692 1329 1756 molestus
1360 1693 1430 1746 crat
1448 1677 1521 1741 uobis

359 1811 393 1864 et
415 1799 686 1862 murmuravimus
706 1816 764 1880 pro
786 1815 871 1882 aqua
893 1798 1038 1862 dicentes
1059 1796 1195 1879 Caliuo,
1231 1773 1292 1880 qni
1315 1799 1389 1856 eret
1407 1787 1519 1866 moyse

359 1915 483 1971 noster:
516 1902 569 1966 Da
597 1903 691 1966 nobis
720 1921 852 1986 aquam,
885 1913 920 1966 ut
950 1906 1116 1986 bibamus,
1151 1905 1243 1966 sicut
1280 1894 1404 1962 Judaei
1432 1881 1520 1968 Moysi

360 2011 512 2076 dixerunt
533 2006 639 2071 Exodi
663 2007 770 2070 xvii.
814 2007 995 2092 Respondit
1018 2008 1170 2088 Celinus,
1200 2002 1294 2090 quod
1317 2003 1348 2066 si
1383 1994 1518 2060 vellemus

359 2117 480 2180 habere
517 2118 651 2198 equam,
687 2129 825 2174 necesse
857 2122 947 2176 esset
977 2132 1041 2176 uon
1069 2091 1202 2176 multum
1237 2129 1259 2172 u
1291 2125 1374 2170 vero
1411 2094 1517 2162 tramite

360 2221 565 2284 declinares
591 2219 743 2300 camelis,
773 2218 828 2302 qui
861 2237 919 2300 per
950 2220 1015 2281 iste
1047 2217 1144 2280 devia
1174 2235 1245 2278 uon
1285 2216 1422 2296 possent
1451 2197 1517 2263 duel

359 2325 509 2408 Oportet,
545 2322 702 2405 diximus,
734 2339 793 2384 uos
822 2322 944 2385 hahere
974 2340 1110 2406 aquam,
1146 2321 1226 2403 quie
1259 2337 1281 2381 e
1304 2324 1414 2380 moute
1434 2298 1517 2388 Syutl

357 2449 462 2512 usqne
494 2430 557 2490 huc
586 2445 702 2512 aquam
725 2445 789 2490 non
825 2425 965 2490 vidimus
989 2436 1021 2488 et
1042 2436 1132 2490 utres
1154 2444 1264 2509 paene
1287 2415 1511 2484 evacuavimus⁴

359 2531 496 2612 Quidam
520 2551 597 2616 crgo
626 2532 753 2614 Arabs,
783 2531 838 2614 qui
860 2532 953 2594 nobis
981 2533 1016 2593 in
1045 2529 1173 2594 deserto
1206 2528 1420 2598 adhaeserat,
1452 2508 1515 2576 (litii

359 2637 490 2720 Catino,
519 2633 606 2720 qnod
633 2637 732 2700 sciret
760 2635 919 2720 quendem
955 2635 1059 2698 locum
1083 2635 1255 2698 multorum
1283 2640 1466 2715 puteorum,
1483 2607 1514 2672 tl

362 2762 458 2826 quem
471 2742 579 2813 ,vellet
601 2759 661 2805 nos
682 2739 810 2805 ducere.
854 2741 1043 2804 Dimisimus
1065 2759 1143 2824 ergo
1164 2741 1311 2804 camelos
1334 2741 1367 2796 et
1388 2722 1515 2790 Calinutt

363 2857 454 2911 recto
476 2849 603 2912 tramite
623 2845 799 2929 procedere
819 2854 934 2909 contre
961 2865 1049 2908 mare
1082 2846 1211 2908 rubrum
1234 2854 1270 2906 et
1295 2833 1402 2905 secuti
1422 2832 1514 2892 sumut

359 2952 500 3017 Arabem
523 2950 615 3014 illum
636 2952 670 3014 iu
691 2951 786 3014 oliam
809 2951 982 3034 regionem.
1024 2949 1185 3014 Venimus
1206 2958 1319 3012 autem
1348 2957 1420 3007 cum
1441 2923 1514 3038 wll

363 3056 524 3138 quendam
545 3055 721 3120 terribilem
743 3065 775 3118 et
795 3073 948 3120 saxosum
969 3064 1160 3136 torrentem,
1182 3055 1237 3137 qui
1259 3044 1437 3138 parietibus
1456 3029 1513 3094 ⁸¹⁰⁵

360 3160 487 3238 rupium
509 3159 550 3220 ab
573 3145 711 3243 utroque
738 3159 840 3222 latere
860 3159 1088 3236 claudebatur,
1111 3179 1169 3243 per
1191 3135 1304 3241 quern*
1323 3133 1513 3233 impetuosit-

359 3262 441 3342 sime
464 3279 524 3324 suo
546 3271 689 3344 tempore
711 3281 816 3347 equae
837 3261 1026 3348 decurrunt,
1057 3265 1123 3347 ita,
1150 3271 1187 3326 ut
1206 3260 1348 3345 grandia
1371 3263 1449 3317 effi
1466 3236 1512 3300 ‘l'

361 3363 490 3428 ducant.
533 3364 597 3429 Per
618 3367 707 3430 illum
736 3375 909 3430 torrentem
931 3369 1029 3451 longa
1049 3372 1106 3438 via
1136 3365 1367 3432 descendimus
1389 3363 1419 3418 cl
1437 3349 1512 3411 5¹¹⁰*

361 3470 469 3554 pimus
501 3469 690 3554 formidare,
712 3471 788 3553 quie
809 3469 901 3534 locus
923 3473 1117 3536 inhumanus
1138 3481 1219 3536 erat.
1261 3455 1512 3548 Colloqnebtuttt¹1

359 3584 468 3638 sutem
489 3575 583 3639 nobis
605 3583 638 3638 et
660 3575 855 3639 mirabamur
876 3573 917 3638 de
937 3576 1032 3640 nobis
1053 3580 1146 3662 ipsis,
1159 3576 1245 3662 quod
1263 3581 1395 3659 propter
1414 3563 1510 3640 aquarn

361 3679 540 3744 dimisimus
562 3700 690 3746 omnem
721 3681 936 3745 substantiam
958 3682 992 3744 in
1014 3683 1146 3746 camelis
1167 3692 1201 3745 et
1222 3683 1374 3747 ductores
1398 3663 1510 3732 n⁰⁵l¹⁰l

356 3786 515 3849 asinarios
537 3797 571 3849 et
591 3787 781 3852 camelarios
813 3793 847 3848 et
867 3785 1073 3851 adhaesimus
1105 3790 1160 3852 uui
1181 3787 1301 3850 homini
1329 3764 1507 3848 olienisslt1¹⁰

357 3888 450 3949 nobis
484 3892 592 3953 secuti
613 3912 686 3956 eum
715 3910 773 3974 per
793 3892 885 3954 invia
914 3891 969 3954 illa
990 3891 1070 3957 loca.
1115 3892 1349 3954 Verumtamen
1377 3870 1509 3944 omnibu!

356 3989 450 4070 uobis
484 3992 656 4056 videbatur
682 3994 791 4056 Arabs
811 3992 867 4055 ille
888 4013 965 4058 esse
996 3997 1092 4060 homo
1122 3997 1242 4078 bonus,
1270 3992 1416 4059 omnibus
1437 3971 1508 4039 θιὼ)

358 4094 481 4178 modis,
504 4095 621 4178 quihus
647 4099 767 4180 potuit,
803 4099 966 4180 gestiebat
987 4102 1081 4164 nobis
1110 4075 1312 4184 complacere
1333 4106 1368 4162 et
1384 4071 1509 4190 jocttll,⁰

355 4201 533 4284 praecurrit
553 4218 624 4283 nos,
637 4201 815 4264 ostendeus
837 4202 930 4266 nobis
952 4207 1077 4288 rupium
1100 4203 1301 4268 altitudinem
1322 4210 1356 4266 et
1375 4187 1507 4260 torretlus

354 4303 486 4390 (640)
496 4305 583 4372 illius
594 4307 791 4390 vestitatem,
798 4316 958 4392 tamquam
968 4311 1105 4394 ipsemet
1115 4311 1292 4372 miraretur.
1305 4306 1384 4370 Post
1393 4295 1508 4372 lou!un
1529 4382 1532 4392 Ι
