<?xml version="1.0" encoding="UTF-8"?>
<!DOCTYPE html PUBLIC "-//W3C//DTD XHTML 1.0 Transitional//EN"
    "http://www.w3.org/TR/xhtml1/DTD/xhtml1-transitional.dtd">
<html xmlns="http://www.w3.org/1999/xhtml" xml:lang="en" lang="en">
 <head>
  <title>
</title>
<meta http-equiv="Content-Type" content="text/html;charset=utf-8" />
  <meta name='ocr-system' content='tesseract 3.04.00' />
  <meta name='ocr-capabilities' content='ocr_page ocr_carea ocr_par ocr_line ocrx_word'/>
</head>
<body>
  <div class='ocr_page' id='page_1' title='image "./fratrisfelicisf04fabrgoog_0352.png"; bbox 0 0 3240 5222; ppageno 0'>
   <div class='ocr_carea' id='block_1_1' title="bbox 834 261 901 328">
    <p class='ocr_par' dir='ltr' id='par_1_1' title="bbox 834 261 901 328">
     <span class='ocr_line' id='line_1_1' title="bbox 834 261 901 328; baseline 0 0"><span class='ocrx_word' id='word_1_1' title='bbox 834 261 901 328; x_wconf 74' lang='lat'><strong>³4⁰</strong></span> 
     </span>
    </p>
   </div>
   <div class='ocr_carea' id='block_1_2' title="bbox 299 441 1489 846">
    <p class='ocr_par' dir='ltr' id='par_1_2' title="bbox 299 441 1489 846">
     <span class='ocr_line' id='line_1_2' title="bbox 302 441 1472 537; baseline -0.009 -21"><span class='ocrx_word' id='word_1_2' title='bbox 302 455 357 537; x_wconf 87' lang='lat' dir='ltr'><strong>qui</strong></span> <span class='ocrx_word' id='word_1_3' title='bbox 383 449 460 513; x_wconf 86' lang='lat' dir='ltr'><strong>milti</strong></span> <span class='ocrx_word' id='word_1_4' title='bbox 482 444 651 510; x_wconf 84' lang='lat' dir='ltr'><strong>videbatur</strong></span> <span class='ocrx_word' id='word_1_5' title='bbox 679 445 712 508; x_wconf 94' lang='lat' dir='ltr'><strong>in</strong></span> <span class='ocrx_word' id='word_1_6' title='bbox 733 443 790 508; x_wconf 89' lang='lat' dir='ltr'><strong>illa</strong></span> <span class='ocrx_word' id='word_1_7' title='bbox 817 445 948 528; x_wconf 79' lang='lat' dir='ltr'><strong>regione</strong></span> <span class='ocrx_word' id='word_1_8' title='bbox 975 443 1074 507; x_wconf 89' lang='lat' dir='ltr'><strong>multo</strong></span> <span class='ocrx_word' id='word_1_9' title='bbox 1102 441 1275 524; x_wconf 84' lang='lat' dir='ltr'><strong>intensior,</strong></span> <span class='ocrx_word' id='word_1_10' title='bbox 1308 459 1404 524; x_wconf 89' lang='lat' dir='ltr'><strong>quam</strong></span> <span class='ocrx_word' id='word_1_11' title='bbox 1438 442 1472 506; x_wconf 83' lang='lat' dir='ltr'><strong>iu</strong></span> 
     </span>
     <span class='ocr_line' id='line_1_3' title="bbox 299 548 1489 634; baseline -0.01 -13"><span class='ocrx_word' id='word_1_12' title='bbox 299 554 493 621; x_wconf 71' lang='lat' dir='ltr'><strong>Jerusalem.</strong></span> <span class='ocrx_word' id='word_1_13' title='bbox 535 549 686 613; x_wconf 87' lang='lat' dir='ltr'><strong>Sedimns</strong></span> <span class='ocrx_word' id='word_1_14' title='bbox 706 568 786 634; x_wconf 79' lang='lat' dir='ltr'><strong>ergo</strong></span> <span class='ocrx_word' id='word_1_15' title='bbox 811 551 976 614; x_wconf 89' lang='lat' dir='ltr'><strong>inumbra</strong></span> <span class='ocrx_word' id='word_1_16' title='bbox 997 560 1032 612; x_wconf 88' lang='lat' dir='ltr'><strong>et</strong></span> <span class='ocrx_word' id='word_1_17' title='bbox 1059 548 1100 612; x_wconf 88' lang='lat' dir='ltr'><strong>da</strong></span> <span class='ocrx_word' id='word_1_18' title='bbox 1120 548 1311 630; x_wconf 82' lang='lat' dir='ltr'><strong>paximaciis</strong></span> <span class='ocrx_word' id='word_1_19' title='bbox 1345 550 1489 610; x_wconf 89' lang='lat' dir='ltr'><strong>nostris.</strong></span> 
     </span>
     <span class='ocr_line' id='line_1_4' title="bbox 300 653 1473 739; baseline -0.009 -13"><span class='ocrx_word' id='word_1_20' title='bbox 300 659 568 728; x_wconf 77' lang='lat' dir='ltr'><strong>manducavimus</strong></span> <span class='ocrx_word' id='word_1_21' title='bbox 603 657 676 720; x_wconf 89' lang='lat' dir='ltr'><strong>sine</strong></span> <span class='ocrx_word' id='word_1_22' title='bbox 703 664 783 739; x_wconf 89' lang='lat' dir='ltr'><strong>potu</strong></span> <span class='ocrx_word' id='word_1_23' title='bbox 818 655 1058 738; x_wconf 79' lang='lat' dir='ltr'><strong>refrigerativo,</strong></span> <span class='ocrx_word' id='word_1_24' title='bbox 1094 655 1171 735; x_wconf 83' lang='lat' dir='ltr'><strong>qula</strong></span> <span class='ocrx_word' id='word_1_25' title='bbox 1198 661 1264 714; x_wconf 91' lang='lat' dir='ltr'><strong>tam</strong></span> <span class='ocrx_word' id='word_1_26' title='bbox 1296 653 1408 716; x_wconf 90' lang='lat' dir='ltr'><strong>vinum</strong></span> <span class='ocrx_word' id='word_1_27' title='bbox 1438 653 1473 716; x_wconf 93' lang='lat' dir='ltr'><strong>in</strong></span> 
     </span>
     <span class='ocr_line' id='line_1_5' title="bbox 299 755 1473 846; baseline -0.007 -16"><span class='ocrx_word' id='word_1_28' title='bbox 299 766 402 830; x_wconf 89' lang='lat' dir='ltr'><strong>brillis</strong></span> <span class='ocrx_word' id='word_1_29' title='bbox 446 778 542 846; x_wconf 88' lang='lat' dir='ltr'><strong>qnam</strong></span> <span class='ocrx_word' id='word_1_30' title='bbox 576 779 662 843; x_wconf 77' lang='lat' dir='ltr'><strong>aqua</strong></span> <span class='ocrx_word' id='word_1_31' title='bbox 691 762 726 824; x_wconf 93' lang='lat' dir='ltr'><strong>in</strong></span> <span class='ocrx_word' id='word_1_32' title='bbox 756 762 883 824; x_wconf 89' lang='lat' dir='ltr'><strong>utribus</strong></span> <span class='ocrx_word' id='word_1_33' title='bbox 911 771 981 824; x_wconf 88' lang='lat' dir='ltr'><strong>erat</strong></span> <span class='ocrx_word' id='word_1_34' title='bbox 1013 762 1142 824; x_wconf 88' lang='lat' dir='ltr'><strong>omnino</strong></span> <span class='ocrx_word' id='word_1_35' title='bbox 1169 758 1329 822; x_wconf 77' lang='lat' dir='ltr'><strong>calefacta</strong></span> <span class='ocrx_word' id='word_1_36' title='bbox 1366 767 1405 822; x_wconf 91' lang='lat' dir='ltr'><strong>et·</strong></span> <span class='ocrx_word' id='word_1_37' title='bbox 1428 755 1473 822; x_wconf 84' lang='lat' dir='ltr'><strong>ad</strong></span> 
     </span>
    </p>
   </div>
   <div class='ocr_carea' id='block_1_3' title="bbox 285 856 1472 4408">
    <p class='ocr_par' dir='ltr' id='par_1_3' title="bbox 285 856 1472 4408">
     <span class='ocr_line' id='line_1_6' title="bbox 300 856 1472 950; baseline -0.008 -15"><span class='ocrx_word' id='word_1_38' title='bbox 300 856 385 936; x_wconf 77' lang='lat' dir='ltr'><strong>sitim</strong></span> <span class='ocrx_word' id='word_1_39' title='bbox 409 865 679 950; x_wconf 82' lang='lat' dir='ltr'><strong>exstinguendam</strong></span> <span class='ocrx_word' id='word_1_40' title='bbox 712 866 874 929; x_wconf 85' lang='lat' dir='ltr'><strong>inhabilia.</strong></span> <span class='ocrx_word' id='word_1_41' title='bbox 918 867 995 930; x_wconf 91' lang='lat' dir='ltr'><strong>Non</strong></span> <span class='ocrx_word' id='word_1_42' title='bbox 1025 865 1123 947; x_wconf 77' lang='lat' dir='ltr'><strong>longe</strong></span> <span class='ocrx_word' id='word_1_43' title='bbox 1144 873 1250 928; x_wconf 89' lang='lat' dir='ltr'><strong>autem</strong></span> <span class='ocrx_word' id='word_1_44' title='bbox 1279 881 1409 926; x_wconf 84' lang='lat' dir='ltr'><strong>eramus</strong></span> <span class='ocrx_word' id='word_1_45' title='bbox 1429 863 1472 926; x_wconf 88' lang='lat' dir='ltr'><strong>ab</strong></span> 
     </span>
     <span class='ocr_line' id='line_1_7' title="bbox 298 969 1472 1057; baseline -0.007 -17"><span class='ocrx_word' id='word_1_46' title='bbox 298 979 425 1057; x_wconf 81' lang='lat' dir='ltr'><strong>Ebron,</strong></span> <span class='ocrx_word' id='word_1_47' title='bbox 459 975 592 1036; x_wconf 89' lang='lat' dir='ltr'><strong>civitate</strong></span> <span class='ocrx_word' id='word_1_48' title='bbox 622 979 752 1053; x_wconf 90' lang='lat' dir='ltr'><strong>sancta,</strong></span> <span class='ocrx_word' id='word_1_49' title='bbox 784 988 880 1054; x_wconf 83' lang='lat' dir='ltr'><strong>quam</strong></span> <span class='ocrx_word' id='word_1_50' title='bbox 909 981 1017 1034; x_wconf 92' lang='lat' dir='ltr'><strong>tamen</strong></span> <span class='ocrx_word' id='word_1_51' title='bbox 1044 969 1158 1034; x_wconf 90' lang='lat' dir='ltr'><strong>videre</strong></span> <span class='ocrx_word' id='word_1_52' title='bbox 1192 988 1256 1032; x_wconf 94' lang='lat' dir='ltr'><strong>non</strong></span> <span class='ocrx_word' id='word_1_53' title='bbox 1286 976 1472 1051; x_wconf 71' lang='lat' dir='ltr'><strong>peteremus</strong></span> 
     </span>
     <span class='ocr_line' id='line_1_8' title="bbox 299 1075 1471 1166; baseline -0.007 -22"><span class='ocrx_word' id='word_1_54' title='bbox 299 1089 433 1166; x_wconf 90' lang='lat' dir='ltr'><strong>propter</strong></span> <span class='ocrx_word' id='word_1_55' title='bbox 453 1086 594 1142; x_wconf 89' lang='lat' dir='ltr'><strong>montem</strong></span> <span class='ocrx_word' id='word_1_56' title='bbox 616 1076 756 1140; x_wconf 88' lang='lat' dir='ltr'><strong>medinm</strong></span> <span class='ocrx_word' id='word_1_57' title='bbox 788 1077 873 1138; x_wconf 90' lang='lat' dir='ltr'><strong>inter</strong></span> <span class='ocrx_word' id='word_1_58' title='bbox 904 1090 964 1137; x_wconf 92' lang='lat' dir='ltr'><strong>nos</strong></span> <span class='ocrx_word' id='word_1_59' title='bbox 986 1084 1019 1138; x_wconf 86' lang='lat' dir='ltr'><strong>et</strong></span> <span class='ocrx_word' id='word_1_60' title='bbox 1039 1075 1221 1156; x_wconf 89' lang='lat' dir='ltr'><strong>civitatem,</strong></span> <span class='ocrx_word' id='word_1_61' title='bbox 1251 1091 1347 1155; x_wconf 77' lang='lat' dir='ltr'><strong>quem</strong></span> <span class='ocrx_word' id='word_1_62' title='bbox 1368 1090 1471 1155; x_wconf 88' lang='lat' dir='ltr'><strong>parvo</strong></span> 
     </span>
     <span class='ocr_line' id='line_1_9' title="bbox 299 1178 1471 1268; baseline -0.009 -19"><span class='ocrx_word' id='word_1_63' title='bbox 299 1187 407 1268; x_wconf 88' lang='lat' dir='ltr'><strong>spatio</strong></span> <span class='ocrx_word' id='word_1_64' title='bbox 430 1200 550 1267; x_wconf 83' lang='lat' dir='ltr'><strong>gyrare</strong></span> <span class='ocrx_word' id='word_1_65' title='bbox 571 1188 697 1265; x_wconf 88' lang='lat' dir='ltr'><strong>oportet</strong></span> <span class='ocrx_word' id='word_1_66' title='bbox 718 1181 845 1264; x_wconf 80' lang='lat' dir='ltr'><strong>ingredi</strong></span> <span class='ocrx_word' id='word_1_67' title='bbox 867 1180 1040 1243; x_wconf 89' lang='lat' dir='ltr'><strong>volentem.</strong></span> <span class='ocrx_word' id='word_1_68' title='bbox 1083 1179 1318 1242; x_wconf 87' lang='lat' dir='ltr'><strong>Verumtamen</strong></span> <span class='ocrx_word' id='word_1_69' title='bbox 1350 1178 1471 1259; x_wconf 77' lang='lat' dir='ltr'><strong>Ebron,</strong></span> 
     </span>
     <span class='ocr_line' id='line_1_10' title="bbox 297 1283 1470 1370; baseline -0.008 -15"><span class='ocrx_word' id='word_1_70' title='bbox 297 1291 354 1355; x_wconf 90' lang='lat' dir='ltr'><strong>illa</strong></span> <span class='ocrx_word' id='word_1_71' title='bbox 376 1291 493 1353; x_wconf 76' lang='lat' dir='ltr'><strong>civitae</strong></span> <span class='ocrx_word' id='word_1_72' title='bbox 515 1288 757 1370; x_wconf 86' lang='lat' dir='ltr'><strong>antiquissima,</strong></span> <span class='ocrx_word' id='word_1_73' title='bbox 789 1286 830 1349; x_wconf 89' lang='lat' dir='ltr'><strong>de</strong></span> <span class='ocrx_word' id='word_1_74' title='bbox 860 1304 926 1368; x_wconf 84' lang='lat' dir='ltr'><strong>qua</strong></span> <span class='ocrx_word' id='word_1_75' title='bbox 946 1304 1041 1348; x_wconf 90' lang='lat' dir='ltr'><strong>sacra</strong></span> <span class='ocrx_word' id='word_1_76' title='bbox 1062 1285 1230 1367; x_wconf 72' lang='lat' dir='ltr'><strong>Scriptura</strong></span> <span class='ocrx_word' id='word_1_77' title='bbox 1257 1283 1414 1367; x_wconf 89' lang='lat' dir='ltr'><strong>loquitur,</strong></span> <span class='ocrx_word' id='word_1_78' title='bbox 1435 1285 1470 1346; x_wconf 88' lang='lat' dir='ltr'><strong>in</strong></span> 
     </span>
     <span class='ocr_line' id='line_1_11' title="bbox 297 1389 1470 1474; baseline -0.009 -14"><span class='ocrx_word' id='word_1_79' title='bbox 297 1415 337 1460; x_wconf 90' lang='lat' dir='ltr'><strong>eo</strong></span> <span class='ocrx_word' id='word_1_80' title='bbox 359 1395 431 1457; x_wconf 90' lang='lat' dir='ltr'><strong>loco</strong></span> <span class='ocrx_word' id='word_1_81' title='bbox 453 1394 587 1455; x_wconf 77' lang='lat' dir='ltr'><strong>stetisse</strong></span> <span class='ocrx_word' id='word_1_82' title='bbox 609 1390 811 1473; x_wconf 86' lang='lat' dir='ltr'><strong>perhibetur,</strong></span> <span class='ocrx_word' id='word_1_83' title='bbox 833 1392 1052 1474; x_wconf 84' lang='lat' dir='ltr'><strong>abieramus,</strong></span> <span class='ocrx_word' id='word_1_84' title='bbox 1073 1391 1120 1453; x_wconf 89' lang='lat' dir='ltr'><strong>ita</strong></span> <span class='ocrx_word' id='word_1_85' title='bbox 1143 1389 1230 1474; x_wconf 89' lang='lat' dir='ltr'><strong>quod</strong></span> <span class='ocrx_word' id='word_1_86' title='bbox 1251 1407 1327 1472; x_wconf 92' lang='lat' dir='ltr'><strong>pars</strong></span> <span class='ocrx_word' id='word_1_87' title='bbox 1349 1389 1470 1452; x_wconf 80' lang='lat' dir='ltr'><strong>civita·</strong></span> 
     </span>
     <span class='ocr_line' id='line_1_12' title="bbox 296 1494 1469 1579; baseline -0.007 -17"><span class='ocrx_word' id='word_1_88' title='bbox 296 1502 341 1562; x_wconf 89' lang='lat' dir='ltr'><strong>tis</strong></span> <span class='ocrx_word' id='word_1_89' title='bbox 363 1495 567 1579; x_wconf 85' lang='lat' dir='ltr'><strong>dependebat</strong></span> <span class='ocrx_word' id='word_1_90' title='bbox 588 1497 622 1560; x_wconf 92' lang='lat' dir='ltr'><strong>in</strong></span> <span class='ocrx_word' id='word_1_91' title='bbox 643 1495 730 1559; x_wconf 90' lang='lat' dir='ltr'><strong>clivo</strong></span> <span class='ocrx_word' id='word_1_92' title='bbox 759 1496 876 1557; x_wconf 90' lang='lat' dir='ltr'><strong>montis</strong></span> <span class='ocrx_word' id='word_1_93' title='bbox 907 1502 943 1558; x_wconf 89' lang='lat' dir='ltr'><strong>et</strong></span> <span class='ocrx_word' id='word_1_94' title='bbox 969 1494 1034 1561; x_wconf 84' lang='lat' dir='ltr'><strong>alia</strong></span> <span class='ocrx_word' id='word_1_95' title='bbox 1063 1495 1136 1578; x_wconf 83' lang='lat' dir='ltr'><strong>ejus</strong></span> <span class='ocrx_word' id='word_1_96' title='bbox 1164 1512 1240 1577; x_wconf 90' lang='lat' dir='ltr'><strong>pars</strong></span> <span class='ocrx_word' id='word_1_97' title='bbox 1273 1513 1331 1576; x_wconf 91' lang='lat' dir='ltr'><strong>per</strong></span> <span class='ocrx_word' id='word_1_98' title='bbox 1358 1494 1469 1556; x_wconf 87' lang='lat' dir='ltr'><strong>eonti-</strong></span> 
     </span>
     <span class='ocr_line' id='line_1_13' title="bbox 301 1598 1469 1681; baseline -0.007 -13"><span class='ocrx_word' id='word_1_99' title='bbox 301 1599 489 1668; x_wconf 79' lang='lat' dir='ltr'><strong>nuatitinem</strong></span> <span class='ocrx_word' id='word_1_100' title='bbox 511 1602 617 1663; x_wconf 90' lang='lat' dir='ltr'><strong>stabat</strong></span> <span class='ocrx_word' id='word_1_101' title='bbox 638 1601 774 1664; x_wconf 80' lang='lat' dir='ltr'><strong>inferius</strong></span> <span class='ocrx_word' id='word_1_102' title='bbox 799 1600 833 1661; x_wconf 92' lang='lat' dir='ltr'><strong>in</strong></span> <span class='ocrx_word' id='word_1_103' title='bbox 855 1598 951 1681; x_wconf 90' lang='lat' dir='ltr'><strong>plano</strong></span> <span class='ocrx_word' id='word_1_104' title='bbox 983 1600 1018 1664; x_wconf 93' lang='lat' dir='ltr'><strong>in</strong></span> <span class='ocrx_word' id='word_1_105' title='bbox 1045 1599 1118 1664; x_wconf 89' lang='lat' dir='ltr'><strong>loco</strong></span> <span class='ocrx_word' id='word_1_106' title='bbox 1148 1598 1322 1680; x_wconf 88' lang='lat' dir='ltr'><strong>olivarnm,</strong></span> <span class='ocrx_word' id='word_1_107' title='bbox 1353 1604 1469 1680; x_wconf 85' lang='lat' dir='ltr'><strong>postea</strong></span> 
     </span>
     <span class='ocr_line' id='line_1_14' title="bbox 301 1702 1469 1789; baseline -0.005 -17"><span class='ocrx_word' id='word_1_108' title='bbox 301 1717 410 1772; x_wconf 89' lang='lat' dir='ltr'><strong>antem</strong></span> <span class='ocrx_word' id='word_1_109' title='bbox 431 1713 562 1789; x_wconf 89' lang='lat' dir='ltr'><strong>propter</strong></span> <span class='ocrx_word' id='word_1_110' title='bbox 579 1703 766 1786; x_wconf 87' lang='lat' dir='ltr'><strong>speluncam</strong></span> <span class='ocrx_word' id='word_1_111' title='bbox 788 1702 961 1786; x_wconf 88' lang='lat' dir='ltr'><strong>duplicem,</strong></span> <span class='ocrx_word' id='word_1_112' title='bbox 981 1704 1179 1786; x_wconf 87' lang='lat' dir='ltr'><strong>sepulturam</strong></span> <span class='ocrx_word' id='word_1_113' title='bbox 1198 1703 1361 1786; x_wconf 83' lang='lat' dir='ltr'><strong>Abrahae,</strong></span> <span class='ocrx_word' id='word_1_114' title='bbox 1383 1720 1469 1786; x_wconf 87' lang='lat' dir='ltr'><strong>quae</strong></span> 
     </span>
     <span class='ocr_line' id='line_1_15' title="bbox 297 1807 1468 1892; baseline -0.008 -15"><span class='ocrx_word' id='word_1_115' title='bbox 297 1816 330 1877; x_wconf 92' lang='lat' dir='ltr'><strong>in</strong></span> <span class='ocrx_word' id='word_1_116' title='bbox 352 1813 415 1874; x_wconf 93' lang='lat' dir='ltr'><strong>alio</strong></span> <span class='ocrx_word' id='word_1_117' title='bbox 437 1811 556 1874; x_wconf 90' lang='lat' dir='ltr'><strong>montis</strong></span> <span class='ocrx_word' id='word_1_118' title='bbox 578 1809 679 1872; x_wconf 88' lang='lat' dir='ltr'><strong>latere</strong></span> <span class='ocrx_word' id='word_1_119' title='bbox 699 1819 778 1892; x_wconf 88' lang='lat' dir='ltr'><strong>erat,</strong></span> <span class='ocrx_word' id='word_1_120' title='bbox 800 1809 955 1872; x_wconf 86' lang='lat' dir='ltr'><strong>translata</strong></span> <span class='ocrx_word' id='word_1_121' title='bbox 977 1810 1039 1872; x_wconf 85' lang='lat' dir='ltr'><strong>init</strong></span> <span class='ocrx_word' id='word_1_122' title='bbox 1058 1811 1176 1873; x_wconf 88' lang='lat' dir='ltr'><strong>civitas</strong></span> <span class='ocrx_word' id='word_1_123' title='bbox 1196 1808 1239 1871; x_wconf 90' lang='lat' dir='ltr'><strong>ad</strong></span> <span class='ocrx_word' id='word_1_124' title='bbox 1258 1807 1366 1871; x_wconf 89' lang='lat' dir='ltr'><strong>locum</strong></span> <span class='ocrx_word' id='word_1_125' title='bbox 1388 1825 1468 1890; x_wconf 91' lang='lat' dir='ltr'><strong>spe-</strong></span> 
     </span>
     <span class='ocr_line' id='line_1_16' title="bbox 297 1913 1468 1997; baseline -0.002 -19"><span class='ocrx_word' id='word_1_126' title='bbox 297 1918 431 1993; x_wconf 89' lang='lat' dir='ltr'><strong>luncae,</strong></span> <span class='ocrx_word' id='word_1_127' title='bbox 455 1923 490 1976; x_wconf 92' lang='lat' dir='ltr'><strong>nt</strong></span> <span class='ocrx_word' id='word_1_128' title='bbox 508 1914 632 1997; x_wconf 89' lang='lat' dir='ltr'><strong>patebit</strong></span> <span class='ocrx_word' id='word_1_129' title='bbox 651 1916 685 1977; x_wconf 91' lang='lat' dir='ltr'><strong>in</strong></span> <span class='ocrx_word' id='word_1_130' title='bbox 707 1913 931 1996; x_wconf 79' lang='lat' dir='ltr'><strong>descriptione</strong></span> <span class='ocrx_word' id='word_1_131' title='bbox 975 1914 1078 1996; x_wconf 83' lang='lat' dir='ltr'><strong>Igitur</strong></span> <span class='ocrx_word' id='word_1_132' title='bbox 1097 1918 1144 1977; x_wconf 89' lang='lat' dir='ltr'><strong>ita</strong></span> <span class='ocrx_word' id='word_1_133' title='bbox 1163 1916 1257 1980; x_wconf 87' lang='lat' dir='ltr'><strong>nobis</strong></span> <span class='ocrx_word' id='word_1_134' title='bbox 1278 1913 1468 1976; x_wconf 85' lang='lat' dir='ltr'><strong>sedentibus</strong></span> 
     </span>
     <span class='ocr_line' id='line_1_17' title="bbox 296 2017 1469 2104; baseline -0.003 -19"><span class='ocrx_word' id='word_1_135' title='bbox 296 2021 545 2101; x_wconf 83' lang='lat' dir='ltr'><strong>Sabathitanoo,</strong></span> <span class='ocrx_word' id='word_1_136' title='bbox 577 2017 713 2081; x_wconf 86' lang='lat' dir='ltr'><strong>Calinns</strong></span> <span class='ocrx_word' id='word_1_137' title='bbox 745 2037 899 2103; x_wconf 85' lang='lat' dir='ltr'><strong>magnus,</strong></span> <span class='ocrx_word' id='word_1_138' title='bbox 937 2037 1033 2082; x_wconf 91' lang='lat' dir='ltr'><strong>suum</strong></span> <span class='ocrx_word' id='word_1_139' title='bbox 1054 2039 1188 2104; x_wconf 81' lang='lat' dir='ltr'><strong>equum</strong></span> <span class='ocrx_word' id='word_1_140' title='bbox 1229 2017 1397 2082; x_wconf 86' lang='lat' dir='ltr'><strong>adscendit</strong></span> <span class='ocrx_word' id='word_1_141' title='bbox 1434 2026 1469 2081; x_wconf 90' lang='lat' dir='ltr'><strong>et</strong></span> 
     </span>
     <span class='ocr_line' id='line_1_18' title="bbox 296 2123 1468 2209; baseline -0.004 -19"><span class='ocrx_word' id='word_1_142' title='bbox 296 2145 368 2190; x_wconf 91' lang='lat' dir='ltr'><strong>oum</strong></span> <span class='ocrx_word' id='word_1_143' title='bbox 405 2124 524 2187; x_wconf 84' lang='lat' dir='ltr'><strong>famulo</strong></span> <span class='ocrx_word' id='word_1_144' title='bbox 556 2125 590 2185; x_wconf 91' lang='lat' dir='ltr'><strong>in</strong></span> <span class='ocrx_word' id='word_1_145' title='bbox 616 2124 783 2188; x_wconf 90' lang='lat' dir='ltr'><strong>civitatem</strong></span> <span class='ocrx_word' id='word_1_146' title='bbox 813 2124 923 2188; x_wconf 72' lang='lat' dir='ltr'><strong>Ebroo</strong></span> <span class='ocrx_word' id='word_1_147' title='bbox 955 2127 1127 2209; x_wconf 78' lang='lat' dir='ltr'><strong>equitatit,</strong></span> <span class='ocrx_word' id='word_1_148' title='bbox 1160 2124 1273 2188; x_wconf 91' lang='lat' dir='ltr'><strong>dicens</strong></span> <span class='ocrx_word' id='word_1_149' title='bbox 1303 2123 1468 2206; x_wconf 85' lang='lat' dir='ltr'><strong>praefecto</strong></span> 
     </span>
     <span class='ocr_line' id='line_1_19' title="bbox 296 2226 1469 2311; baseline -0.003 -18"><span class='ocrx_word' id='word_1_150' title='bbox 296 2226 385 2294; x_wconf 82' lang='lat' dir='ltr'><strong>‘urbis</strong></span> <span class='ocrx_word' id='word_1_151' title='bbox 418 2238 452 2292; x_wconf 91' lang='lat' dir='ltr'><strong>et</strong></span> <span class='ocrx_word' id='word_1_152' title='bbox 482 2229 626 2309; x_wconf 89' lang='lat' dir='ltr'><strong>civibus,</strong></span> <span class='ocrx_word' id='word_1_153' title='bbox 656 2227 776 2291; x_wconf 89' lang='lat' dir='ltr'><strong>adesse</strong></span> <span class='ocrx_word' id='word_1_154' title='bbox 807 2231 996 2311; x_wconf 84' lang='lat' dir='ltr'><strong>peregrinos</strong></span> <span class='ocrx_word' id='word_1_155' title='bbox 1031 2230 1150 2293; x_wconf 86' lang='lat' dir='ltr'><strong>latinos</strong></span> <span class='ocrx_word' id='word_1_156' title='bbox 1191 2229 1395 2293; x_wconf 84' lang='lat' dir='ltr'><strong>Christianos</strong></span> <span class='ocrx_word' id='word_1_157' title='bbox 1424 2226 1469 2290; x_wconf 88' lang='lat' dir='ltr'><strong>de</strong></span> 
     </span>
     <span class='ocr_line' id='line_1_20' title="bbox 297 2332 1469 2417; baseline -0.001 -20"><span class='ocrx_word' id='word_1_158' title='bbox 297 2332 522 2398; x_wconf 85' lang='lat' dir='ltr'><strong>transmarinis</strong></span> <span class='ocrx_word' id='word_1_159' title='bbox 543 2333 688 2415; x_wconf 93' lang='lat' dir='ltr'><strong>partibus</strong></span> <span class='ocrx_word' id='word_1_160' title='bbox 719 2334 888 2416; x_wconf 85' lang='lat' dir='ltr'><strong>cupientes</strong></span> <span class='ocrx_word' id='word_1_161' title='bbox 908 2351 981 2396; x_wconf 90' lang='lat' dir='ltr'><strong>cum</strong></span> <span class='ocrx_word' id='word_1_162' title='bbox 1004 2353 1113 2397; x_wconf 90' lang='lat' dir='ltr'><strong>eorum</strong></span> <span class='ocrx_word' id='word_1_163' title='bbox 1132 2333 1334 2417; x_wconf 88' lang='lat' dir='ltr'><strong>beneplacito</strong></span> <span class='ocrx_word' id='word_1_164' title='bbox 1353 2332 1469 2396; x_wconf 75' lang='lat' dir='ltr'><strong>ridere</strong></span> 
     </span>
     <span class='ocr_line' id='line_1_21' title="bbox 296 2435 1468 2521; baseline 0 -19"><span class='ocrx_word' id='word_1_165' title='bbox 296 2440 461 2502; x_wconf 86' lang='lat' dir='ltr'><strong>civitatem</strong></span> <span class='ocrx_word' id='word_1_166' title='bbox 501 2444 534 2498; x_wconf 87' lang='lat' dir='ltr'><strong>et</strong></span> <span class='ocrx_word' id='word_1_167' title='bbox 573 2435 645 2499; x_wconf 89' lang='lat' dir='ltr'><strong>locs</strong></span> <span class='ocrx_word' id='word_1_168' title='bbox 684 2439 946 2520; x_wconf 85' lang='lat' dir='ltr'><strong>patriarcharum.</strong></span> <span class='ocrx_word' id='word_1_169' title='bbox 1001 2441 1076 2503; x_wconf 84' lang='lat' dir='ltr'><strong>Hoc</strong></span> <span class='ocrx_word' id='word_1_170' title='bbox 1108 2437 1245 2501; x_wconf 90' lang='lat' dir='ltr'><strong>audiens</strong></span> <span class='ocrx_word' id='word_1_171' title='bbox 1281 2439 1468 2521; x_wconf 85' lang='lat' dir='ltr'><strong>praelectus</strong></span> 
     </span>
     <span class='ocr_line' id='line_1_22' title="bbox 294 2538 1467 2626; baseline 0.001 -21"><span class='ocrx_word' id='word_1_172' title='bbox 294 2542 406 2605; x_wconf 79' lang='lat' dir='ltr'><strong>Ebron</strong></span> <span class='ocrx_word' id='word_1_173' title='bbox 442 2539 521 2604; x_wconf 92' lang='lat' dir='ltr'><strong>dure</strong></span> <span class='ocrx_word' id='word_1_174' title='bbox 550 2538 699 2603; x_wconf 85' lang='lat' dir='ltr'><strong>Calinum</strong></span> <span class='ocrx_word' id='word_1_175' title='bbox 727 2551 871 2605; x_wconf 90' lang='lat' dir='ltr'><strong>nostrum</strong></span> <span class='ocrx_word' id='word_1_176' title='bbox 899 2544 1082 2626; x_wconf 88' lang='lat' dir='ltr'><strong>increpavit</strong></span> <span class='ocrx_word' id='word_1_177' title='bbox 1119 2563 1178 2626; x_wconf 91' lang='lat' dir='ltr'><strong>pro</strong></span> <span class='ocrx_word' id='word_1_178' title='bbox 1205 2562 1263 2626; x_wconf 90' lang='lat' dir='ltr'><strong>eo,</strong></span> <span class='ocrx_word' id='word_1_179' title='bbox 1296 2541 1383 2626; x_wconf 82' lang='lat' dir='ltr'><strong>quod</strong></span> <span class='ocrx_word' id='word_1_180' title='bbox 1405 2559 1467 2606; x_wconf 92' lang='lat' dir='ltr'><strong>nos</strong></span> 
     </span>
     <span class='ocr_line' id='line_1_23' title="bbox 294 2645 1465 2733; baseline 0 -23"><span class='ocrx_word' id='word_1_181' title='bbox 294 2647 330 2710; x_wconf 92' lang='lat' dir='ltr'><strong>in</strong></span> <span class='ocrx_word' id='word_1_182' title='bbox 351 2662 465 2730; x_wconf 89' lang='lat' dir='ltr'><strong>campo</strong></span> <span class='ocrx_word' id='word_1_183' title='bbox 489 2646 611 2709; x_wconf 87' lang='lat' dir='ltr'><strong>dimisit</strong></span> <span class='ocrx_word' id='word_1_184' title='bbox 632 2650 664 2710; x_wconf 93' lang='lat' dir='ltr'><strong>in</strong></span> <span class='ocrx_word' id='word_1_185' title='bbox 690 2656 785 2709; x_wconf 88' lang='lat' dir='ltr'><strong>aestu</strong></span> <span class='ocrx_word' id='word_1_186' title='bbox 806 2645 903 2729; x_wconf 90' lang='lat' dir='ltr'><strong>solis,</strong></span> <span class='ocrx_word' id='word_1_187' title='bbox 936 2649 992 2711; x_wconf 89' lang='lat' dir='ltr'><strong>nbi</strong></span> <span class='ocrx_word' id='word_1_188' title='bbox 1013 2665 1076 2712; x_wconf 88' lang='lat' dir='ltr'><strong>nec</strong></span> <span class='ocrx_word' id='word_1_189' title='bbox 1096 2666 1182 2733; x_wconf 89' lang='lat' dir='ltr'><strong>aqna</strong></span> <span class='ocrx_word' id='word_1_190' title='bbox 1202 2665 1264 2710; x_wconf 89' lang='lat' dir='ltr'><strong>nec</strong></span> <span class='ocrx_word' id='word_1_191' title='bbox 1284 2649 1379 2730; x_wconf 88' lang='lat' dir='ltr'><strong>panis</strong></span> <span class='ocrx_word' id='word_1_192' title='bbox 1400 2655 1465 2728; x_wconf 86' lang='lat' dir='ltr'><strong>est,</strong></span> 
     </span>
     <span class='ocr_line' id='line_1_24' title="bbox 296 2750 1466 2834; baseline 0.001 -21"><span class='ocrx_word' id='word_1_193' title='bbox 296 2759 330 2814; x_wconf 92' lang='lat' dir='ltr'><strong>et</strong></span> <span class='ocrx_word' id='word_1_194' title='bbox 350 2752 531 2834; x_wconf 90' lang='lat' dir='ltr'><strong>praecepit,</strong></span> <span class='ocrx_word' id='word_1_195' title='bbox 563 2760 600 2814; x_wconf 89' lang='lat' dir='ltr'><strong>ut</strong></span> <span class='ocrx_word' id='word_1_196' title='bbox 626 2751 779 2814; x_wconf 79' lang='lat' dir='ltr'><strong>festinate</strong></span> <span class='ocrx_word' id='word_1_197' title='bbox 804 2750 847 2814; x_wconf 90' lang='lat' dir='ltr'><strong>ad</strong></span> <span class='ocrx_word' id='word_1_198' title='bbox 877 2770 939 2815; x_wconf 86' lang='lat' dir='ltr'><strong>nos</strong></span> <span class='ocrx_word' id='word_1_199' title='bbox 970 2761 1188 2816; x_wconf 89' lang='lat' dir='ltr'><strong>reverteretur</strong></span> <span class='ocrx_word' id='word_1_200' title='bbox 1219 2762 1351 2815; x_wconf 89' lang='lat' dir='ltr'><strong>etcum</strong></span> <span class='ocrx_word' id='word_1_201' title='bbox 1379 2753 1466 2814; x_wconf 87' lang='lat' dir='ltr'><strong>omni</strong></span> 
     </span>
     <span class='ocr_line' id='line_1_25' title="bbox 295 2855 1466 2938; baseline 0.001 -19"><span class='ocrx_word' id='word_1_202' title='bbox 295 2864 408 2920; x_wconf 87' lang='lat' dir='ltr'><strong>nostra</strong></span> <span class='ocrx_word' id='word_1_203' title='bbox 428 2855 623 2938; x_wconf 85' lang='lat' dir='ltr'><strong>supellectili</strong></span> <span class='ocrx_word' id='word_1_204' title='bbox 645 2858 678 2918; x_wconf 93' lang='lat' dir='ltr'><strong>in</strong></span> <span class='ocrx_word' id='word_1_205' title='bbox 705 2856 869 2919; x_wconf 89' lang='lat' dir='ltr'><strong>civitatem</strong></span> <span class='ocrx_word' id='word_1_206' title='bbox 902 2856 1118 2921; x_wconf 85' lang='lat' dir='ltr'><strong>introduceret</strong></span> <span class='ocrx_word' id='word_1_207' title='bbox 1140 2859 1174 2922; x_wconf 92' lang='lat' dir='ltr'><strong>in</strong></span> <span class='ocrx_word' id='word_1_208' title='bbox 1195 2857 1284 2921; x_wconf 91' lang='lat' dir='ltr'><strong>urbis</strong></span> <span class='ocrx_word' id='word_1_209' title='bbox 1315 2856 1466 2920; x_wconf 90' lang='lat' dir='ltr'><strong>diverso-</strong></span> 
     </span>
     <span class='ocr_line' id='line_1_26' title="bbox 294 2960 1466 3046; baseline -0.001 -22"><span class='ocrx_word' id='word_1_210' title='bbox 294 2963 388 3026; x_wconf 88' lang='lat' dir='ltr'><strong>rium.</strong></span> <span class='ocrx_word' id='word_1_211' title='bbox 433 2961 569 3025; x_wconf 85' lang='lat' dir='ltr'><strong>Calinus</strong></span> <span class='ocrx_word' id='word_1_212' title='bbox 591 2970 698 3025; x_wconf 88' lang='lat' dir='ltr'><strong>autom</strong></span> <span class='ocrx_word' id='word_1_213' title='bbox 719 2969 831 3024; x_wconf 91' lang='lat' dir='ltr'><strong>noster</strong></span> <span class='ocrx_word' id='word_1_214' title='bbox 851 2960 931 3024; x_wconf 82' lang='lat' dir='ltr'><strong>dixit</strong></span> <span class='ocrx_word' id='word_1_215' title='bbox 952 2963 1000 3046; x_wconf 90' lang='lat' dir='ltr'><strong>ei,</strong></span> <span class='ocrx_word' id='word_1_216' title='bbox 1022 2962 1110 3046; x_wconf 87' lang='lat' dir='ltr'><strong>quod</strong></span> <span class='ocrx_word' id='word_1_217' title='bbox 1130 2962 1246 3026; x_wconf 81' lang='lat' dir='ltr'><strong>cameli</strong></span> <span class='ocrx_word' id='word_1_218' title='bbox 1264 2962 1331 3044; x_wconf 89' lang='lat' dir='ltr'><strong>jam</strong></span> <span class='ocrx_word' id='word_1_219' title='bbox 1353 2970 1466 3025; x_wconf 75' lang='lat' dir='ltr'><strong>emant</strong></span> 
     </span>
     <span class='ocr_line' id='line_1_27' title="bbox 295 3064 1467 3150; baseline 0 -21"><span class='ocrx_word' id='word_1_220' title='bbox 295 3069 463 3130; x_wconf 87' lang='lat' dir='ltr'><strong>exonerati</strong></span> <span class='ocrx_word' id='word_1_221' title='bbox 505 3075 538 3128; x_wconf 91' lang='lat' dir='ltr'><strong>et</strong></span> <span class='ocrx_word' id='word_1_222' title='bbox 570 3065 610 3129; x_wconf 91' lang='lat' dir='ltr'><strong>ad</strong></span> <span class='ocrx_word' id='word_1_223' title='bbox 642 3083 766 3148; x_wconf 88' lang='lat' dir='ltr'><strong>pascua</strong></span> <span class='ocrx_word' id='word_1_224' title='bbox 797 3066 908 3128; x_wconf 86' lang='lat' dir='ltr'><strong>emissi</strong></span> <span class='ocrx_word' id='word_1_225' title='bbox 951 3075 984 3128; x_wconf 91' lang='lat' dir='ltr'><strong>et</strong></span> <span class='ocrx_word' id='word_1_226' title='bbox 1014 3085 1079 3130; x_wconf 94' lang='lat' dir='ltr'><strong>non</strong></span> <span class='ocrx_word' id='word_1_227' title='bbox 1110 3068 1174 3133; x_wconf 91' lang='lat' dir='ltr'><strong>nisi</strong></span> <span class='ocrx_word' id='word_1_228' title='bbox 1206 3085 1324 3150; x_wconf 81' lang='lat' dir='ltr'><strong>magno</strong></span> <span class='ocrx_word' id='word_1_229' title='bbox 1355 3064 1467 3129; x_wconf 90' lang='lat' dir='ltr'><strong>labore</strong></span> 
     </span>
     <span class='ocr_line' id='line_1_28' title="bbox 293 3169 1466 3252; baseline 0.001 -20"><span class='ocrx_word' id='word_1_230' title='bbox 293 3180 429 3252; x_wconf 86' lang='lat' dir='ltr'><strong>possent</strong></span> <span class='ocrx_word' id='word_1_231' title='bbox 448 3171 628 3251; x_wconf 89' lang='lat' dir='ltr'><strong>reonerari,</strong></span> <span class='ocrx_word' id='word_1_232' title='bbox 661 3169 734 3232; x_wconf 88' lang='lat' dir='ltr'><strong>ideo</strong></span> <span class='ocrx_word' id='word_1_233' title='bbox 756 3186 872 3232; x_wconf 92' lang='lat' dir='ltr'><strong>servos</strong></span> <span class='ocrx_word' id='word_1_234' title='bbox 900 3188 980 3233; x_wconf 91' lang='lat' dir='ltr'><strong>snos</strong></span> <span class='ocrx_word' id='word_1_235' title='bbox 1006 3171 1108 3235; x_wconf 89' lang='lat' dir='ltr'><strong>vellet</strong></span> <span class='ocrx_word' id='word_1_236' title='bbox 1129 3170 1170 3234; x_wconf 87' lang='lat' dir='ltr'><strong>ad</strong></span> <span class='ocrx_word' id='word_1_237' title='bbox 1191 3171 1391 3234; x_wconf 87' lang='lat' dir='ltr'><strong>Sarracenos</strong></span> <span class='ocrx_word' id='word_1_238' title='bbox 1412 3169 1466 3233; x_wconf 91' lang='lat' dir='ltr'><strong>di-</strong></span> 
     </span>
     <span class='ocr_line' id='line_1_29' title="bbox 294 3263 1465 3358; baseline 0.002 -22"><span class='ocrx_word' id='word_1_239' title='bbox 294 3275 420 3337; x_wconf 89' lang='lat' dir='ltr'><strong>mittere</strong></span> <span class='ocrx_word' id='word_1_240' title='bbox 444 3282 477 3338; x_wconf 91' lang='lat' dir='ltr'><strong>et</strong></span> <span class='ocrx_word' id='word_1_241' title='bbox 498 3275 687 3358; x_wconf 82' lang='lat' dir='ltr'><strong>peregrinos</strong></span> <span class='ocrx_word' id='word_1_242' title='bbox 712 3263 917 3340; x_wconf 82' lang='lat' dir='ltr'><strong>introducere</strong></span> <span class='ocrx_word' id='word_1_243' title='bbox 948 3275 990 3339; x_wconf 88' lang='lat' dir='ltr'><strong>ad</strong></span> <span class='ocrx_word' id='word_1_244' title='bbox 1021 3275 1219 3340; x_wconf 87' lang='lat' dir='ltr'><strong>visitandum</strong></span> <span class='ocrx_word' id='word_1_245' title='bbox 1248 3276 1321 3340; x_wconf 89' lang='lat' dir='ltr'><strong>loca</strong></span> <span class='ocrx_word' id='word_1_246' title='bbox 1348 3284 1465 3340; x_wconf 86' lang='lat' dir='ltr'><strong>saneta</strong></span> 
     </span>
     <span class='ocr_line' id='line_1_30' title="bbox 291 3377 1464 3464; baseline 0.002 -24"><span class='ocrx_word' id='word_1_247' title='bbox 291 3387 324 3441; x_wconf 89' lang='lat' dir='ltr'><strong>et</strong></span> <span class='ocrx_word' id='word_1_248' title='bbox 345 3379 408 3441; x_wconf 86' lang='lat' dir='ltr'><strong>hoc</strong></span> <span class='ocrx_word' id='word_1_249' title='bbox 428 3377 515 3440; x_wconf 86' lang='lat' dir='ltr'><strong>facto</strong></span> <span class='ocrx_word' id='word_1_250' title='bbox 535 3377 578 3440; x_wconf 91' lang='lat' dir='ltr'><strong>ad</strong></span> <span class='ocrx_word' id='word_1_251' title='bbox 595 3379 741 3441; x_wconf 87' lang='lat' dir='ltr'><strong>sarcinas</strong></span> <span class='ocrx_word' id='word_1_252' title='bbox 763 3377 921 3445; x_wconf 88' lang='lat' dir='ltr'><strong>reducere</strong></span> <span class='ocrx_word' id='word_1_253' title='bbox 951 3391 984 3444; x_wconf 89' lang='lat' dir='ltr'><strong>et</strong></span> <span class='ocrx_word' id='word_1_254' title='bbox 1013 3381 1061 3444; x_wconf 90' lang='lat' dir='ltr'><strong>lbi</strong></span> <span class='ocrx_word' id='word_1_255' title='bbox 1092 3387 1285 3464; x_wconf 86' lang='lat' dir='ltr'><strong>pamoctare</strong></span> <span class='ocrx_word' id='word_1_256' title='bbox 1314 3390 1347 3444; x_wconf 89' lang='lat' dir='ltr'><strong>et</strong></span> <span class='ocrx_word' id='word_1_257' title='bbox 1368 3397 1464 3444; x_wconf 88' lang='lat' dir='ltr'><strong>mane</strong></span> 
     </span>
     <span class='ocr_line' id='line_1_31' title="bbox 291 3481 1463 3567; baseline 0.003 -21"><span class='ocrx_word' id='word_1_258' title='bbox 291 3481 455 3546; x_wconf 89' lang='lat' dir='ltr'><strong>recedere.</strong></span> <span class='ocrx_word' id='word_1_259' title='bbox 496 3483 570 3544; x_wconf 86' lang='lat' dir='ltr'><strong>Hoc</strong></span> <span class='ocrx_word' id='word_1_260' title='bbox 601 3481 739 3546; x_wconf 90' lang='lat' dir='ltr'><strong>audiens</strong></span> <span class='ocrx_word' id='word_1_261' title='bbox 759 3485 944 3567; x_wconf 84' lang='lat' dir='ltr'><strong>praefectus</strong></span> <span class='ocrx_word' id='word_1_262' title='bbox 965 3487 1086 3550; x_wconf 83' lang='lat' dir='ltr'><strong>exarsit</strong></span> <span class='ocrx_word' id='word_1_263' title='bbox 1111 3487 1160 3550; x_wconf 90' lang='lat' dir='ltr'><strong>ira</strong></span> <span class='ocrx_word' id='word_1_264' title='bbox 1187 3486 1221 3549; x_wconf 94' lang='lat' dir='ltr'><strong>in</strong></span> <span class='ocrx_word' id='word_1_265' title='bbox 1250 3484 1400 3550; x_wconf 85' lang='lat' dir='ltr'><strong>Calinum</strong></span> <span class='ocrx_word' id='word_1_266' title='bbox 1429 3494 1463 3550; x_wconf 87' lang='lat' dir='ltr'><strong>et</strong></span> 
     </span>
     <span class='ocr_line' id='line_1_32' title="bbox 290 3586 1464 3674; baseline 0.003 -24"><span class='ocrx_word' id='word_1_267' title='bbox 290 3603 363 3650; x_wconf 87' lang='lat' dir='ltr'><strong>eum</strong></span> <span class='ocrx_word' id='word_1_268' title='bbox 382 3586 565 3651; x_wconf 84' lang='lat' dir='ltr'><strong>traditorem</strong></span> <span class='ocrx_word' id='word_1_269' title='bbox 586 3588 827 3670; x_wconf 85' lang='lat' dir='ltr'><strong>peregrinorum</strong></span> <span class='ocrx_word' id='word_1_270' title='bbox 849 3600 882 3654; x_wconf 90' lang='lat' dir='ltr'><strong>et</strong></span> <span class='ocrx_word' id='word_1_271' title='bbox 902 3610 968 3653; x_wconf 91' lang='lat' dir='ltr'><strong>non</strong></span> <span class='ocrx_word' id='word_1_272' title='bbox 990 3589 1154 3654; x_wconf 88' lang='lat' dir='ltr'><strong>ductorem</strong></span> <span class='ocrx_word' id='word_1_273' title='bbox 1175 3608 1252 3655; x_wconf 91' lang='lat' dir='ltr'><strong>esse</strong></span> <span class='ocrx_word' id='word_1_274' title='bbox 1272 3589 1364 3674; x_wconf 85' lang='lat' dir='ltr'><strong>dixit,</strong></span> <span class='ocrx_word' id='word_1_275' title='bbox 1386 3591 1464 3673; x_wconf 83' lang='lat' dir='ltr'><strong>quia</strong></span> 
     </span>
     <span class='ocr_line' id='line_1_33' title="bbox 292 3692 1462 3778; baseline 0.003 -24"><span class='ocrx_word' id='word_1_276' title='bbox 292 3709 365 3754; x_wconf 90' lang='lat' dir='ltr'><strong>oum</strong></span> <span class='ocrx_word' id='word_1_277' title='bbox 388 3692 477 3774; x_wconf 84' lang='lat' dir='ltr'><strong>regio</strong></span> <span class='ocrx_word' id='word_1_278' title='bbox 498 3692 554 3754; x_wconf 90' lang='lat' dir='ltr'><strong>illa</strong></span> <span class='ocrx_word' id='word_1_279' title='bbox 586 3692 710 3775; x_wconf 89' lang='lat' dir='ltr'><strong>repleta</strong></span> <span class='ocrx_word' id='word_1_280' title='bbox 731 3695 775 3756; x_wconf 91' lang='lat' dir='ltr'><strong>sit</strong></span> <span class='ocrx_word' id='word_1_281' title='bbox 804 3693 994 3758; x_wconf 89' lang='lat' dir='ltr'><strong>latrunculis</strong></span> <span class='ocrx_word' id='word_1_282' title='bbox 1014 3695 1179 3777; x_wconf 82' lang='lat' dir='ltr'><strong>Arabum,</strong></span> <span class='ocrx_word' id='word_1_283' title='bbox 1213 3713 1277 3758; x_wconf 91' lang='lat' dir='ltr'><strong>non</strong></span> <span class='ocrx_word' id='word_1_284' title='bbox 1313 3703 1462 3778; x_wconf 89' lang='lat' dir='ltr'><strong>possunt,</strong></span> 
     </span>
     <span class='ocr_line' id='line_1_34' title="bbox 288 3796 1462 3882; baseline 0.001 -23"><span class='ocrx_word' id='word_1_285' title='bbox 288 3796 409 3880; x_wconf 87' lang='lat' dir='ltr'><strong>inquit,</strong></span> <span class='ocrx_word' id='word_1_286' title='bbox 431 3799 591 3880; x_wconf 83' lang='lat' dir='ltr'><strong>peregrini</strong></span> <span class='ocrx_word' id='word_1_287' title='bbox 612 3797 659 3861; x_wconf 91' lang='lat' dir='ltr'><strong>illi</strong></span> <span class='ocrx_word' id='word_1_288' title='bbox 690 3799 723 3860; x_wconf 91' lang='lat' dir='ltr'><strong>in</strong></span> <span class='ocrx_word' id='word_1_289' title='bbox 750 3814 865 3880; x_wconf 89' lang='lat' dir='ltr'><strong>eampo</strong></span> <span class='ocrx_word' id='word_1_290' title='bbox 887 3808 1095 3882; x_wconf 88' lang='lat' dir='ltr'><strong>pernoctare,</strong></span> <span class='ocrx_word' id='word_1_291' title='bbox 1126 3800 1189 3864; x_wconf 91' lang='lat' dir='ltr'><strong>nisi</strong></span> <span class='ocrx_word' id='word_1_292' title='bbox 1223 3817 1294 3862; x_wconf 89' lang='lat' dir='ltr'><strong>cnm</strong></span> <span class='ocrx_word' id='word_1_293' title='bbox 1317 3797 1462 3881; x_wconf 89' lang='lat' dir='ltr'><strong>periculo</strong></span> 
     </span>
     <span class='ocr_line' id='line_1_35' title="bbox 290 3900 1462 3986; baseline 0.003 -24"><span class='ocrx_word' id='word_1_294' title='bbox 290 3901 553 3985; x_wconf 83' lang='lat' dir='ltr'><strong>exspoliationis,</strong></span> <span class='ocrx_word' id='word_1_295' title='bbox 576 3901 697 3966; x_wconf 91' lang='lat' dir='ltr'><strong>idcirco</strong></span> <span class='ocrx_word' id='word_1_296' title='bbox 718 3900 865 3966; x_wconf 92' lang='lat' dir='ltr'><strong>introduc</strong></span> <span class='ocrx_word' id='word_1_297' title='bbox 885 3921 953 3986; x_wconf 93' lang='lat' dir='ltr'><strong>eos,</strong></span> <span class='ocrx_word' id='word_1_298' title='bbox 972 3914 1005 3967; x_wconf 86' lang='lat' dir='ltr'><strong>et</strong></span> <span class='ocrx_word' id='word_1_299' title='bbox 1031 3904 1062 3966; x_wconf 92' lang='lat' dir='ltr'><strong>si</strong></span> <span class='ocrx_word' id='word_1_300' title='bbox 1083 3911 1117 3967; x_wconf 89' lang='lat' dir='ltr'><strong>tu</strong></span> <span class='ocrx_word' id='word_1_301' title='bbox 1139 3903 1292 3984; x_wconf 88' lang='lat' dir='ltr'><strong>nolueris,</strong></span> <span class='ocrx_word' id='word_1_302' title='bbox 1315 3921 1378 3986; x_wconf 80' lang='lat' dir='ltr'><strong>ago</strong></span> <span class='ocrx_word' id='word_1_303' title='bbox 1402 3919 1462 3966; x_wconf 89' lang='lat' dir='ltr'><strong>eos</strong></span> 
     </span>
     <span class='ocr_line' id='line_1_36' title="bbox 291 4004 1461 4091; baseline 0.003 -25"><span class='ocrx_word' id='word_1_304' title='bbox 291 4004 503 4070; x_wconf 88' lang='lat' dir='ltr'><strong>introducam.</strong></span> <span class='ocrx_word' id='word_1_305' title='bbox 546 4007 688 4070; x_wconf 82' lang='lat' dir='ltr'><strong>Revenit</strong></span> <span class='ocrx_word' id='word_1_306' title='bbox 716 4023 795 4089; x_wconf 80' lang='lat' dir='ltr'><strong>ergo</strong></span> <span class='ocrx_word' id='word_1_307' title='bbox 817 4005 952 4071; x_wconf 84' lang='lat' dir='ltr'><strong>Calinns</strong></span> <span class='ocrx_word' id='word_1_308' title='bbox 979 4016 1104 4071; x_wconf 90' lang='lat' dir='ltr'><strong>etcum</strong></span> <span class='ocrx_word' id='word_1_309' title='bbox 1121 4007 1233 4071; x_wconf 87' lang='lat' dir='ltr'><strong>multis</strong></span> <span class='ocrx_word' id='word_1_310' title='bbox 1251 4008 1461 4091; x_wconf 87' lang='lat' dir='ltr'><strong>passionibus</strong></span> 
     </span>
     <span class='ocr_line' id='line_1_37' title="bbox 286 4106 1461 4196; baseline 0.003 -25"><span class='ocrx_word' id='word_1_311' title='bbox 286 4106 389 4190; x_wconf 80' lang='lat' dir='ltr'><strong>jussit</strong></span> <span class='ocrx_word' id='word_1_312' title='bbox 418 4111 580 4175; x_wconf 89' lang='lat' dir='ltr'><strong>reonerari</strong></span> <span class='ocrx_word' id='word_1_313' title='bbox 602 4111 742 4192; x_wconf 87' lang='lat' dir='ltr'><strong>bestias,</strong></span> <span class='ocrx_word' id='word_1_314' title='bbox 773 4117 808 4172; x_wconf 88' lang='lat' dir='ltr'><strong>et</strong></span> <span class='ocrx_word' id='word_1_315' title='bbox 840 4127 913 4174; x_wconf 91' lang='lat' dir='ltr'><strong>cum</strong></span> <span class='ocrx_word' id='word_1_316' title='bbox 936 4112 1056 4176; x_wconf 83' lang='lat' dir='ltr'><strong>factum</strong></span> <span class='ocrx_word' id='word_1_317' title='bbox 1089 4111 1223 4196; x_wconf 83' lang='lat' dir='ltr'><strong>luisset,</strong></span> <span class='ocrx_word' id='word_1_318' title='bbox 1252 4111 1461 4178; x_wconf 86' lang='lat' dir='ltr'><strong>ascendimus</strong></span> 
     </span>
     <span class='ocr_line' id='line_1_38' title="bbox 288 4215 1461 4300; baseline 0.003 -24"><span class='ocrx_word' id='word_1_319' title='bbox 288 4216 401 4278; x_wconf 86' lang='lat' dir='ltr'><strong>asinos</strong></span> <span class='ocrx_word' id='word_1_320' title='bbox 437 4221 472 4277; x_wconf 90' lang='lat' dir='ltr'><strong>et</strong></span> <span class='ocrx_word' id='word_1_321' title='bbox 499 4232 572 4278; x_wconf 89' lang='lat' dir='ltr'><strong>cnm</strong></span> <span class='ocrx_word' id='word_1_322' title='bbox 600 4222 705 4277; x_wconf 88' lang='lat' dir='ltr'><strong>turma</strong></span> <span class='ocrx_word' id='word_1_323' title='bbox 726 4224 838 4278; x_wconf 91' lang='lat' dir='ltr'><strong>nostra</strong></span> <span class='ocrx_word' id='word_1_324' title='bbox 864 4225 1004 4280; x_wconf 89' lang='lat' dir='ltr'><strong>montem</strong></span> <span class='ocrx_word' id='word_1_325' title='bbox 1024 4217 1216 4300; x_wconf 74' lang='lat' dir='ltr'><strong>gyravimus</strong></span> <span class='ocrx_word' id='word_1_326' title='bbox 1254 4226 1287 4280; x_wconf 89' lang='lat' dir='ltr'><strong>et</strong></span> <span class='ocrx_word' id='word_1_327' title='bbox 1317 4236 1376 4300; x_wconf 90' lang='lat' dir='ltr'><strong>per</strong></span> <span class='ocrx_word' id='word_1_328' title='bbox 1397 4215 1461 4280; x_wconf 89' lang='lat' dir='ltr'><strong>eli-</strong></span> 
     </span>
     <span class='ocr_line' id='line_1_39' title="bbox 285 4318 1457 4408; baseline 0.003 -28"><span class='ocrx_word' id='word_1_329' title='bbox 285 4335 365 4382; x_wconf 89' lang='lat' dir='ltr'><strong>vum</strong></span> <span class='ocrx_word' id='word_1_330' title='bbox 402 4318 443 4384; x_wconf 93' lang='lat' dir='ltr'><strong>ab</strong></span> <span class='ocrx_word' id='word_1_331' title='bbox 481 4318 545 4384; x_wconf 87' lang='lat' dir='ltr'><strong>alia</strong></span> <span class='ocrx_word' id='word_1_332' title='bbox 585 4327 697 4403; x_wconf 89' lang='lat' dir='ltr'><strong>parto·</strong></span> <span class='ocrx_word' id='word_1_333' title='bbox 718 4319 752 4383; x_wconf 90' lang='lat' dir='ltr'><strong>in</strong></span> <span class='ocrx_word' id='word_1_334' title='bbox 795 4318 959 4388; x_wconf 89' lang='lat' dir='ltr'><strong>civitatem</strong></span> <span class='ocrx_word' id='word_1_335' title='bbox 1000 4321 1111 4388; x_wconf 77' lang='lat' dir='ltr'><strong>nomn</strong></span> <span class='ocrx_word' id='word_1_336' title='bbox 1151 4323 1295 4408; x_wconf 73' lang='lat' dir='ltr'><strong>ingressi</strong></span> <span class='ocrx_word' id='word_1_337' title='bbox 1333 4336 1457 4386; x_wconf 76' lang='lat' dir='ltr'><strong>sumus</strong></span> 
     </span>
    </p>
   </div>
   <div class='ocr_carea' id='block_1_4' title="bbox 0 0 1624 5222">
    <p class='ocr_par' dir='ltr' id='par_1_4' title="bbox 0 0 1624 5222">
     <span class='ocr_line' id='line_1_40' title="bbox 0 0 1624 5222; baseline 0 4"><span class='ocrx_word' id='word_1_338' title='bbox 0 0 1624 5222; x_wconf 95' lang='lat' dir='ltr'><strong> </strong></span> 
     </span>
    </p>
   </div>
  </div>
 </body>
</html>
