3240 5222
1057 286 1062 298 t

738 293 804 360 m
913 309 921 330 a

184 495 243 546 rex
262 477 447 546 Jerusalem
469 485 500 540 et
527 476 669 561 Angliae
686 479 801 552 plautus
831 476 914 543 duas
940 477 1078 546 coronas¹
1098 479 1160 544 sibl
1191 479 1352 566 imposuit:

183 587 233 649 lla
253 593 387 669 propter
411 583 543 666 Anglioi
572 599 671 665 reges
690 585 757 646 sibi
789 601 861 646 eum
893 583 1020 648 titulum¹
1050 583 1155 646 adhuc
1186 596 1352 670 usurpant:

184 690 251 753 Sed
271 699 304 752 et
324 688 430 753 Guido
453 695 528 771 post
556 687 746 750 abscessum
768 689 855 769 regis
876 687 1031 751 llichardi
1060 690 1152 772 regni
1181 690 1354 774 lerosoly-

184 795 297 858 mitani
318 793 446 857 titulum
478 793 631 854 resumsit
659 791 788 872 dicens,
828 793 921 874 regui
943 791 1054 855 aedem
1076 812 1096 856 a
1114 792 1299 859 Jemsalem
1319 794 1353 859 iri

167 898 330 981 ‚cypmm
348 896 547 959 translatam.
590 895 657 958 Sed
678 897 858 978 principes,
893 897 950 978 qui
971 896 1078 960 adlrno
1099 897 1170 961 loca
1191 899 1224 961 in
1255 898 1354 982 Syria

184 1002 411 1086 possidebant,
433 1018 584 1081 cumpro
606 1017 683 1081 rege
702 997 887 1062 Jerusalem
908 1017 974 1063 uon
1007 1006 1248 1084 cognoscebant
1285 1007 1354 1069 soi-¹

184 1115 295 1188 entes,
316 1125 389 1169 eum
410 1123 491 1169 vere
511 1121 646 1185 regnum
667 1102 864 1187 perdidisse,
895 1113 927 1166 et
951 1105 1038 1187 regis
1059 1106 1170 1170 titulos
1192 1107 1353 1179 amisisse.

184 1210 312 1274 Auetns
332 1211 429 1293 igitur
439 1208 623 1272 Richardus
644 1218 678 1271 et
694 1209 868 1271 animosior
884 1208 990 1272 lactus
1005 1229 1048 1272 ex
1071 1211 1164 1274 titulo
1180 1211 1352 1276 desiderati

184 1317 277 1398 regni
298 1313 475 1376 ascendere
504 1323 537 1376 at
558 1312 707 1377 obsidere
727 1313 966 1396 Jerosolymam
988 1316 1136 1397 instituit,
1154 1315 1213 1378 sed
1235 1323 1353 1400 super·¹

183 1421 337 1482 veniente
357 1419 462 1481 bieme
500 1426 534 1479 et
563 1417 778 1480 dilabentibus
800 1419 923 1499 passim
946 1419 1112 1482 maritimis
1144 1421 1247 1501 sepiis
1272 1425 1353 1484 seui

184 1525 316 1586 tentiam
338 1524 475 1587 mutavit
513 1531 547 1584 et
579 1539 652 1584 eum
673 1520 827 1585 Saladino
851 1539 933 1603 paee
954 1524 1134 1605 composita
1161 1524 1194 1586 in
1215 1525 1352 1605 patriam

184 1626 289 1690 redire
321 1626 480 1709 disposuit
517 1635 550 1688 et
581 1643 691 1690 euram
723 1626 888 1690 christiani
921 1629 1084 1690 exercitus
1104 1636 1138 1691 et
1158 1629 1252 1710 regni
1279 1623 1354 1710 jure

183 1731 356 1813 Heinrioo,
378 1730 486 1794 comiti
507 1727 725 1813 Campaniae,
749 1748 810 1793 suo
831 1733 942 1814 nepoti
967 1732 1222 1815 commendavit,
1254 1743 1288 1796 et
1308 1735 1354 1796 ita

183 1853 251 1898 rem
272 1836 426 1899 inlectam
458 1834 601 1916 reliquit,
634 1853 732 1918 super
755 1835 918 1898 desolatos
943 1836 1152 1900 afflictionem
1183 1837 1352 1901 'cumulans

184 1941 336 2002 recessit:
360 1938 550 2002 aestimabat
571 1940 655 2000 enim
676 1958 786 2022 regem
814 1939 971 2002 Francius
1002 1957 1097 2002 suum
1130 1942 1292 2005 aemulum
1319 1950 1352 2004 et

183 2045 317 2107 timebat
348 2052 454 2106 terrae
484 2061 565 2106 suae
595 2044 796 2106 invasionem
822 2045 856 2106 in
887 2059 947 2104 sua
980 2044 1135 2105 absentia.
1178 2044 1352 2108 lle'oedens

183 2167 241 2230 per
262 2165 351 2211 mare
371 2167 428 2210 rex
449 2147 650 2228 Richardus,
672 2147 743 2209 Deo
763 2148 809 2209 ita
828 2146 975 2226 volente,
1008 2155 1201 2228 tempestate
1221 2149 1353 2210 saevis·

183 2253 266 2314 sima
295 2260 381 2335 orta,
415 2251 616 2334 naufragium
639 2269 757 2333 passus
780 2258 849 2332 est,
875 2249 940 2312 ¹sed
962 2250 1107 2314 evadens
1135 2268 1207 2314 oum
1239 2255 1352 2334 paucis

182 2354 280 2418 valde
299 2364 427 2418 secrete
446 2371 505 2438 per
525 2355 691 2418 Austriam
713 2357 883 2418 transitum
904 2354 1029 2417 iaciens
1050 2373 1071 2417 a
1092 2353 1239 2438 Sapuldo
1261 2357 1354 2439 ejus-

183 2457 255 2522 dem
277 2461 419 2542 regionis
440 2458 523 2522 duee
544 2467 660 2540 eaptus
681 2469 749 2542 est,
783 2467 881 2542 atquo
902 2461 1049 2548 omnibns
1068 2462 1162 2524 benis
1193 2461 1352 2544 spoliatus

182 2562 364 2646 imperatori
386 2565 552 2646 Heinrieo‚
576 2563 642 2627 lilio
662 2564 836 2648 Friderioi,
854 2565 913 2647 ¹qud
932 2565 966 2628 in
987 2565 1194 2648 praecedenti
1215 2567 1353 2649 expedi·

184 2667 270 2729 tione
293 2668 566 2752 Jerosolymltana
598 2668 811 2752 discesserat,
843 2670 982 2733 traditus
1008 2680 1072 2748 est,
1101 2681 1133 2732 et
1154 2678 1351 2754 perannum

183 2780 215 2833 et
237 2772 399 2836 dimidium
422 2781 530 2836 tentus
553 2772 638 2836 datis
672 2773 820 2837 ducentis
845 2773 985 2836 millibus
1013 2791 1194 2838 marearum
1219 2779 1352 2858 “argenti

183 2875 337 2938 dimissus
358 2887 409 2939 est
436 2886 469 2941 et
498 2876 591 2940 rediit
613 2878 647 2939 in
668 2878 833 2960 Angliam.
874 2876 958 2939 Puto
979 2887 1086 2940 autem
1111 2879 1196 2941 hano
1217 2879 1352 2943 tribula-

183 2981 301 3041 tionem
322 2983 352 3042 ei
373 2985 604 3065 supervenisse
626 3003 684 3066 pro
705 3001 755 3064 eo,
777 2980 863 3064 qnod
884 2999 1018 3064 reguum
1041 2990 1191 3045 sanetum
1213 2982 1352 3046 deroso-

183 3083 372 3166 lymitanum
398 3088 533 3150 ambivit
571 3095 605 3150 et
636 3106 676 3149 eo
707 3086 824 3169 adepto
846 3086 878 3147 in
901 3084 1104 3149 tribulatione
1125 3096 1159 3149 et
1179 3089 1352 3151 vexatione

184 3186 355 3272 dereliquit
382 3201 414 3252 et
437 3192 526 3274 fugit.
570 3192 741 3255 Praelatus
769 3197 877 3254 autem
910 3189 1109 3273 Campaniae
1139 3209 1267 3274 moues,
1298 3193 1352 3257 oui

183 3312 242 3355 rex
268 3294 447 3377 Anglorum
476 3313 586 3359 euram
608 3297 770 3360 exemitus
791 3296 959 3358 christiam
980 3295 1279 3378 commendaverat,
1300 3296 1353 3360 vir

182 3399 255 3481 pius
277 3409 310 3462 ct
332 3399 492 3482 prudens,
514 3400 744 3483 corrsiderans,
776 3407 852 3482 post
873 3416 1037 3464 recessum
1068 3401 1195 3466 illorum
1218 3400 1352 3466 dnomm

182 3519 311 3584 regum,
332 3503 492 3566 Franciae
512 3514 544 3568 et
566 3503 713 3586 Galliae,
748 3511 865 3568 terram
887 3502 1064 3566 desolatam
1088 3505 1266 3587 mansisse,
1288 3505 1352 3568 ibi-

183 3605 256 3668 dem
279 3625 445 3670 remauero
468 3611 502 3672 in
530 3609 592 3673 Dei
626 3609 762 3672 servitio
796 3608 917 3670 statuit.
962 3606 1065 3689 Cujus
1092 3610 1180 3690 pium
1212 3610 1351 3672 animum

181 3710 423 3774 considerantes
448 3714 606 3796 Magister
627 3711 796 3796 hospitalis
814 3721 846 3774 et
869 3711 981 3795 templi
1020 3730 1086 3774 una
1115 3731 1187 3775 eum
1212 3714 1352 3776 caeteris

181 3816 361 3896 peregrinis
397 3835 470 3880 eum
499 3819 533 3880 in
564 3835 673 3900 regem
705 3816 980 3900 Jerosolymemm
1016 3815 1184 3899 elegerunt
1191 3864 1202 3902 ,
1235 3819 1288 3882 oui
1319 3827 1352 3881 et

181 3916 338 3981 domitam
361 3920 594 4002 Elisabetbam,
615 3921 713 3984 liliam
735 3921 890 3984 Almarioi
908 3922 996 4004 regis
1008 3920 1193 3985 Jerusalem
1215 3924 1249 3985 in
1269 3941 1352 3987 con-

175 4021 301 4105 jugium
323 4023 537 4106 tradiderunt,
559 4027 635 4110 qnia
657 4027 791 4090 maritus
815 4027 889 4109 (11)
911 4026 994 4109 ejus,
1016 4028 1162 4092 marchio
1183 4026 1350 4109 Tyrensis,

180 4137 325 4193 mortum
346 4139 472 4212 erat‚et
494 4131 590 4193 etiam
612 4130 760 4194 dominus
772 4130 945 4214 linfredus,
964 4132 1088 4215 primus
1110 4131 1182 4214 ejus
1206 4132 1351 4194 maritus.

24 4307 25 4316 p
257 4232 340 4297 Post
360 4234 443 4300 duos
463 4244 571 4299 autem
593 4253 697 4300 annos
717 4239 810 4320 regni
830 4237 919 4318 ejus,
941 4235 1016 4300 dum
1037 4237 1071 4299 in
1092 4236 1250 4320 superiori
1273 4251 1352 4298 coe-

41 4433 47 4442 ·
180 4336 295 4401 ”mla
314 4339 425 4420 palatii
446 4342 498 4405 aui
520 4341 683 4406 tenesmo
704 4358 742 4404 se
763 4341 929 4405 innitendo
958 4339 1157 4450 aspedlaret,
1178 4336 1354 4402 miserabili
1405 4447 1407 4452 Δ
