3212 5206
275 414 441 496 Aestimo,
458 411 543 496 qued
566 427 630 496 ege
651 409 784 476 biberim
801 427 875 474 cum
896 427 982 493 aqna
1002 409 1085 473 ultra
1106 419 1235 474 eentum
1256 408 1457 474 vermiculos

277 521 393 601 vivoe3
426 517 475 579 sic
497 524 531 578 et
553 515 616 579 alii.
661 514 853 578 Colavlmns
882 533 961 598 ergo
989 532 1091 598 aquas
1121 533 1181 600 per
1208 514 1398 598 panniculos
1419 523 1457 578 et

188 671 190 676 -
276 623 449 706 amphoras
469 630 600 686 nostras
622 619 818 702 replevimus
840 627 873 682 et
892 628 982 681 utres
1001 637 1142 702 vacuos,
1162 619 1354 701 abjicientes
1373 639 1457 684 ver-

279 735 404 790 mes-et
424 727 607 808 grossiores
628 725 872 806 immundicias,
894 743 977 808 qnae
998 743 1060 787 nos
1080 724 1251 807 improvidi
1280 725 1457 789 imbibera-

277 849 367 915 mus,
389 830 476 893 unde
496 831 706 893 vehementer
727 830 892 892 timuimus
913 833 1003 892 vitae
1034 839 1167 892 nostrae
1200 837 1233 891 et
1263 829 1371 914 pavidi
1392 849 1458 893 ex-

276 937 497 1019 spectavimus
528 936 640 998 tristes
675 937 879 1016 operationes
910 933 997 997 illins
1029 933 1195 997 inbnmaui
1227 944 1336 1018 potus,
1386 933 1458 997 Sed

278 1040 351 1103 Deo
373 1057 434 1102 roos
455 1047 647 1122 protegente
668 1039 748 1102 nilail
776 1042 904 1122 penitus
935 1039 1026 1122 passi
1055 1056 1168 1101 sumus
1210 1056 1272 1102 nec
1314 1040 1455 1123 aliquem

281 1145 339 1208 vel
371 1145 534 1208 minimam
556 1144 735 1207 molestiam
764 1146 948 1225 sensimus,
978 1150 1013 1206 et
1039 1161 1104 1205 nou
1132 1141 1282 1229 dubium,
1317 1145 1348 1207 si
1380 1161 1456 1208 cnm

280 1258 376 1314 tante
396 1250 450 1312 siti
470 1249 677 1311 venissemus
699 1247 740 1310 ad
762 1265 865 1331 aquas
897 1258 1046 1312 recentes
1067 1257 1101 1311 et
1122 1249 1258 1334 frigidas
1276 1257 1310 1312 et
1333 1247 1453 1332 clares,

280 1355 421 1428 luissent
458 1354 552 1417 uobis
585 1353 768 1417 mortiferae
814 1362 945 1435 propter
983 1354 1227 1437 intemperatum
1266 1355 1454 1437 appetitum.

280 1458 417 1522 Demum
449 1457 600 1520 ductores
632 1459 732 1536 nostri
773 1466 901 1539 reperta
934 1460 968 1520 in
1005 1458 1143 1541 quodam
1162 1459 1247 1540 ,loco
1288 1462 1344 1522 via
1381 1478 1457 1523 cum

280 1563 414 1627 camelis
434 1571 467 1624 et
491 1562 595 1624 asinis
611 1561 846 1624 descenderunt
862 1560 904 1623 ad
924 1580 1026 1645 aquas
1047 1573 1080 1626 ot
1098 1565 1221 1628 bestias
1239 1571 1456 1647 sumserunt,

285 1685 369 1750 quae
401 1666 546 1750 profecto
576 1685 640 1729 non
668 1675 730 1729 tam
762 1666 1023 1731 irrationabiliter
1049 1677 1243 1752 potaverunt
1276 1670 1362 1734 sient
1383 1687 1457 1750 nos,

283 1771 345 1834 sed
366 1774 400 1834 iu
421 1770 595 1853 superficie
617 1772 801 1853 sorbebant,
822 1789 865 1834 ne
886 1789 1017 1834 vermes
1038 1791 1109 1836 cum
1133 1791 1218 1856 aque
1238 1774 1333 1838 simul
1354 1791 1460 1858 suge-

284 1885 367 1946 rent.
411 1873 637 1938 Ascendernnt
661 1886 767 1940 autem
790 1875 888 1959 aliqui
917 1879 1080 1960 peregrini
1101 1859 1133 1941 et
1154 1879 1299 1944 infirmos
1326 1887 1459 1942 nosnos

285 1983 381 2044 etiem
403 1982 436 2043 in
459 1980 579 2044 vallem
614 1981 774 2044 duxerunt
806 2001 864 2065 pro
886 1999 997 2044 eornm
1022 1983 1236 2066 recreatione,
1273 1991 1344 2045 erat
1371 1983 1459 2045 enim

282 2085 381 2148 vallis
412 2085 574 2169 profunda
596 2094 628 2148 et
659 2087 826 2149 umbrose'
843 2096 974 2170 propter
1006 2087 1285 2171 superpendentes
1314 2087 1458 2150 minaces

284 2207 383 2271 rupes
405 2198 437 2252 et
458 2199 630 2272 protensas
652 2199 774 2274 petras,
796 2201 828 2252 at
843 2199 935 2254 erent
957 2191 991 2254 in
1014 2190 1100 2254 valle
1120 2193 1262 2275 virgulta
1282 2200 1317 2255 et
1337 2192 1459 2256 salices

285 2302 317 2356 et
342 2311 505 2356 cavernae
525 2297 558 2357 iu
580 2297 681 2378 petris
703 2294 927 2375 delectabiles,
951 2296 984 2358 in
1016 2298 1135 2381 quibus
1157 2296 1312 2367 sedimus.
1354 2298 1460 2360 havi-

286 2415 359 2461 mns
379 2407 487 2460 autem
509 2399 552 2461 ibi
574 2400 682 2482 capita
703 2409 735 2462 et
760 2381 896 2483 corpora
915 2409 1044 2482 rrostre,
1069 2409 1103 2462 ct
1123 2402 1276 2465 camisias
1297 2409 1331 2464 et
1356 2400 1459 2464 auda-

285 2502 366 2566 riola
388 2512 419 2566 et
442 2502 667 2566 mundavimus
691 2523 752 2567 nos
774 2527 791 2566 a
813 2506 994 2588 vermibus,
1025 2503 1108 2590 qnds
1130 2509 1295 2569 nominant
1321 2503 1459 2590 pedicu-

284 2609 353 2690 los,
376 2609 493 2691 qnlbus
515 2606 623 2670 nullus
643 2609 766 2686 carnit,
789 2617 1085 2693 quantumcumque
1105 2610 1233 2673 nobilis.
1277 2609 1371 2673 Uude
1392 2627 1459 2672 una

284 2711 327 2776 de
347 2712 579 2796 principalibus
601 2715 827 2778 vexationibus
850 2724 882 2778 et
905 2715 1045 2778 miseriis
1067 2717 1165 2777 maris
1187 2725 1219 2778 et
1240 2714 1361 2778 deserti
1383 2723 1460 2778 seut

286 2818 444 2901 pediculi,
482 2819 537 2902 qui
571 2819 657 2882 omni
694 2829 855 2883 momento
893 2828 1044 2882 crescunt
1076 2821 1111 2881 in
1144 2822 1282 2884 maximo
1315 2837 1457 2884 numere.

286 2921 395 3006 Saepe
417 2925 551 2986 miratus
574 2922 750 2986 inicorum
773 2926 974 2988 subitaneam
996 2925 1255 3008 generationem,
1278 2943 1350 2987 cnm
1373 2924 1458 2987 enim

287 3030 361 3110 quis
384 3027 450 3109 jam
481 3029 515 3089 in
537 3028 599 3090 hoc
631 3046 705 3090 aero
727 3045 765 3090 se
794 3029 943 3112 mundat,
975 3031 1085 3093 statim
1113 3029 1175 3092 alio
1206 3047 1281 3092 aero
1310 3027 1459 3112 sequenti

271 3132 483 3206 ,tarrtumdem
509 3132 631 3193 invenit
655 3141 686 3193 et
709 3131 791 3194 adeo
808 3132 967 3217 grandes,
1002 3151 1041 3196 ac
1062 3134 1091 3196 si
1112 3152 1171 3217 per
1192 3151 1335 3196 mensem
1357 3132 1460 3196 eami-

285 3235 367 3296 siem
405 3253 470 3296 non
507 3235 686 3296 visitasset.
740 3235 812 3297 Vae
840 3237 924 3320 illis,
956 3238 1012 3321 qni
1040 3256 1163 3302 comem
1194 3239 1355 3321 nutriunt,
1384 3236 1460 3331 quia

285 3335 403 3400 silvam
425 3346 457 3399 et
440 3339 639 3455 ,retugium
661 3338 819 3420 pediculis
840 3358 950 3404 secum
968 3343 1097 3425 habent,
1118 3345 1242 3427 eisque,
1262 3343 1459 3424 deteriusve,

285 3442 343 3524 qui
364 3415 494 3525 pigritia
514 3441 591 3504 victi
614 3458 651 3502 se
672 3461 737 3506 non
760 3447 846 3505 omui
873 3463 947 3510 sero
968 3447 1151 3512 absolvunt
1193 3447 1273 3511 ltlrat
1292 3448 1376 3510 inter
1396 3463 1458 3509 uos

288 3543 417 3627 qnidam
439 3544 533 3608 miles
555 3554 717 3630 strennus,
738 3551 791 3631 qni
812 3567 985 3634 numquam
1007 3551 1117 3634 digitis
1137 3549 1324 3634 pediculos
1325 3560 1460 3635 tangere

286 3649 410 3735 voluit,
434 3667 496 3714 nec
517 3651 715 3736 colligendo,
739 3671 800 3716 nec
820 3649 1016 3736 o'coidendo,
1042 3656 1101 3718 sed
1123 3674 1252 3740 semper
1271 3657 1353 3721 duos
1375 3656 1460 3738 lapi·

286 3751 346 3819 des
367 3758 493 3838 accepit
514 3765 546 3819 et
568 3759 654 3822 nbi
645 3779 678 3821 ιιι
699 3759 833 3823 camisia
852 3759 1035 3842 pediculum
1060 3761 1178 3825 vidit
1142 3780 1273 3856 ,ipsam
1292 3761 1458 3826 cemislem

284 3877 386 3943 snper
405 3860 546 3944 lapidem
568 3882 665 3927 nuum
681 3866 788 3946 posuit
819 3873 850 3926 et
872 3863 973 3928 altero
992 3864 1099 3950 lapide
1118 3849 1301 3950 pediculum
1323 3863 1461 3930 tundens

281 3967 449 4030 mactavit.
484 3965 621 4031 blnltaim
639 3969 870 4052 jocunditatem
893 3970 1063 4034 babuimus
1085 3990 1158 4034 cnm
1179 3972 1244 4034 isto
1265 3971 1367 4035 milite
1387 3987 1461 4034 cum

290 4085 351 4134 etta
372 4074 578 4141 mactatione.

369 4175 536 4241 Murrdatis
565 4179 658 4243 nobis
693 4179 802 4264 ignem
840 4177 874 4240 in
912 4177 1000 4240 valle
1037 4180 1173 4244 lecimus
1201 4186 1234 4241 et
1267 4197 1327 4262 pro
1360 4191 1462 4240 coena

287 4283 474 4363 paravimus
495 4283 585 4346 cibos
607 4300 681 4346 cum
701 4301 820 4366 megrro
840 4282 970 4366 gaudio.
998 4285 1185 4368 Numquam
1204 4284 1240 4345 ln
1260 4284 1324 4347 boc
1343 4281 1460 4344 innare
