3240 5222
902 389 906 397 ι

395 479 519 545 Mem
540 497 625 546 auno
645 478 883 546 illastrbsimus
902 477 1319 564 inperatorllomanorum,
1340 479 1487 546 brideri-

313 604 374 650 cus
404 587 547 668 primus,
578 603 709 650 crucem
741 601 815 648 oum
848 584 919 647 suis
955 583 1154 667 principibus
1183 591 1218 646 et
1251 572 1414 652 nobilibus
1443 585 1487 652 do

311 690 507 754 Alemauuia
528 690 701 773 assumsit,
729 697 765 752 et
786 707 845 752 rex
865 688 1065 754 Francorum
1095 686 1264 769 Philippus
1298 699 1331 752 et
1352 690 1487 756 Heinri-

313 812 374 858 uus
394 814 453 858 rex
473 793 653 878 nuptorum
682 802 717 858 et
737 793 857 857 caeteri
889 809 985 876 reges
1011 807 1141 874 omues,
1172 792 1408 878 archiepiscopi
1447 803 1484 858 et

312 901 457 986 episcopi
485 910 518 965 et
546 898 682 984 praelati
702 897 862 962 eeclesiae
883 897 946 960 liei
978 913 1051 960 cuam
1072 896 1207 960 iufluitis
1238 898 1367 980 populis
1387 917 1486 964 eruce

311 1008 433 1090 signati
454 1014 542 1070 snut.
584 1005 719 1090 Eterat
739 1004 797 1068 illa
816 1003 987 1068 commotio
1008 999 1090 1064 adeo
1111 1000 1318 1084 universalis,
1339 1012 1376 1068 ut
1396 1011 1485 1070 totus

311 1110 451 1174 mundus
467 1110 505 1194 iu
526 1111 588 1175 boo
603 1109 800 1194 propositum
823 1109 944 1172 coiisse
955 1105 1131 1170 videretur.
1153 1104 1209 1170 llit
1228 1123 1308 1190 ergo
1329 1109 1506 1186 mirabilis¹

289 1239 290 1242 ¹
312 1217 522 1300 congregatio
543 1216 686 1299 equitum
707 1224 740 1277 et
759 1213 902 1297 pediturn
929 1220 962 1274 et
982 1229 1042 1294 per
1058 1220 1180 1286 terram,
1197 1219 1230 1286 et
1250 1213 1484 1297 maria-impetu
1545 1197 1550 1204 ¹

313 1319 556 1402 ferventissimo
587 1319 751 1384 vehuntur
781 1326 894 1382 contra
925 1315 1083 1381 infideles.
1123 1318 1172 1378 Eo
1207 1325 1313 1380 autem
1341 1325 1485 1400 temporo

312 1433 385 1487 erat
401 1425 434 1487 iu
455 1422 608 1486 Calabris
638 1426 742 1487 abbas
784 1421 955 1503 Joaobim,
983 1421 1143 1515 maalmae
1170 1420 1337 1484 doetrinae
1357 1429 1390 1484 et
1421 1440 1484 1486 ex·
1527 1415 1531 1424 “

314 1527 463 1591 oelleutis
490 1528 613 1610 ingenii
640 1529 709 1591 vir:
728 1528 815 1590 bunc
833 1526 1026 1590 accersitum
1060 1543 1156 1608 reges
1188 1534 1221 1588 et
1253 1527 1420 1607 principos
1448 1524 1484 1588 tir

312 1639 420 1694 terrae
439 1639 575 1696 semmae
595 1630 801 1714 expeditione
831 1617 1012 1694 existentes
1037 1629 1277 1718 interrogabaut
1302 1629 1345 1692 de
1365 1629 1485 1694 ellectu

313 1735 402 1798 illius
423 1735 641 1819 profectionis.
675 1732 801 1814 Quibus
816 1735 872 1798 ille
892 1733 988 1816 dixit,
1005 1733 1091 1816 quod
1113 1753 1201 1798 mare
1222 1733 1351 1818 quiidem
1372 1744 1485 1798 trans·

314 1842 416 1924 ireut,
446 1840 505 1904 sed
536 1842 569 1904 iu
591 1843 835 1923 recuperatione
856 1849 961 1902 terrae
990 1847 1125 1901 muctar
1145 1857 1257 1921 parum
1277 1837 1483 1922 profluerent,

312 1954 347 2010 et
367 1945 509 2010 nondum
531 1945 649 2010 adesse
670 1954 806 2029 tempus,
828 1953 894 2030 quo
909 1943 1093 2007 Jerusalem
1114 1961 1135 2004 e
1156 1941 1351 2010 Christianis
1372 1946 1485 2028 possi-

313 2049 384 2114 deri
405 2058 525 2133 posset.
548 2053 590 2116 Et
612 2052 697 2114 sicut
717 2039 857 2132 insignis
877 2050 929 2112 vir
948 2048 1003 2110 ille
1019 2047 1110 2130 dixit,
1128 2049 1174 2112 ita
1188 2049 1314 2114 accidit.
1338 2052 1485 2136 ingressi

313 2157 399 2218 euim
421 2153 568 2239 Syriam,
600 2155 680 2222 nibil
711 2160 866 2240 ceperunt
899 2152 964 2216 uisi
990 2151 1238 2237 Ptolemaidem,
1272 2172 1357 2238 quoe
1388 2155 1483 2218 Acon

314 2257 451 2340 dicitur,
485 2268 552 2322 toto
581 2261 719 2324 biennio.
774 2257 881 2340 Capta
920 2265 972 2318 est
1009 2263 1119 2321 autem
1152 2253 1246 2321 A'con
1284 2277 1369 2323 anuo
1412 2260 1485 2324 Do-

314 2363 391 2424 mini
415 2362 505 2425 1194.
528 2380 592 2425 non
616 2364 764 2446 ruptione
793 2381 971 2444 murorum,
993 2359 1054 2424 sed
1076 2361 1136 2424 sub
1158 2361 1481 2448 immunitionibus,

313 2474 350 2528 ut
369 2465 474 2528 solvis
506 2469 654 2549 personis
675 2466 846 2530 Sarraceui
868 2467 1009 2547 exirent,
1042 2472 1075 2527 et
1096 2465 1218 2546 lignum
1241 2469 1363 2552 erucis,
1396 2469 1484 2552 quod

209 2637 222 2658 .
313 2569 347 2636 in
369 2568 453 2632 bello
471 2579 603 2652 ceperat
623 2569 814 2653 Saludinus,
836 2573 923 2635 sicut
944 2588 1043 2654 supra
1064 2568 1140 2634 lolio
1161 2571 1234 2635 280.
1254 2579 1361 2655 patet,
1384 2571 1485 2637 Cirri-

313 2676 432 2738 stienis
451 2677 623 2738 restituere
643 2677 844 2758 promitteret
865 2685 898 2738 et
920 2673 1060 2738 ducenta
1079 2675 1178 2738 millia
1199 2675 1386 2740 ducatorum
1411 2677 1483 2740 sol-

313 2787 441 2848 verent.
484 2779 552 2843 Sed
585 2783 662 2864 quia
688 2789 784 2863 paeto
812 2779 943 2863 regibus
975 2780 1135 2862 promissa
1168 2779 1210 2844 de
1240 2790 1355 2844 sancta
1384 2797 1483 2846 eruce

313 2884 512 2949 restituenda
532 2893 565 2947 at
581 2883 624 2948 de
638 2885 780 2968 captivis
799 2883 993 2950 Christianis
1016 2883 1189 2948 reddendis
1206 2903 1272 2950 uon
1292 2887 1482 2951 observavit

313 2987 506 3073 Suladiuus,
536 3009 594 3056 rex
624 2988 808 3056 lliobardus
838 3007 904 3056 una
932 2989 986 3056 die
1016 2992 1160 3074 quinque
1192 2990 1292 3055 millia
1327 2989 1481 3056 decollari

314 3093 491 3164 mandavit.

396 3197 461 3258 iiis
483 3196 596 3260 diebos
618 3197 828 3260 decesserunt
851 3198 934 3261 duae
965 3198 1052 3262 tiliae
1072 3198 1160 3282 regis
1191 3197 1368 3278 (luidonis,
1400 3217 1483 3285 quas

315 3318 357 3363 ex
378 3299 520 3383 Sibylla,
552 3301 766 3382 primogenite
798 3300 952 3364 Almarici
983 3303 1072 3385 regis
1104 3313 1309 3410 susceperat,
1344 3314 1378 3366 et
1407 3313 1482 3387 post

315 3403 474 3467 modicum
503 3411 606 3465 mater
622 3405 696 3487 ista,
728 3402 856 3468 domina
874 3404 1011 3490 Sibylla,
1043 3411 1141 3471 etlam
1171 3408 1314 3472 decessit
1334 3407 1408 3492 (B)
1439 3428 1483 3473 ex

313 3509 376 3574 laac
406 3507 495 3584 vita,
527 3525 589 3570 nec
616 3507 777 3590 superfuit
803 3510 920 3592 aliquis
942 3509 983 3573 de
1012 3531 1092 3576 vera
1112 3513 1214 3597 stirpe
1246 3516 1337 3596 rogia
1368 3531 1482 3596 regum

312 3611 514 3694 Jerusalem,
547 3612 609 3676 nisi
632 3612 760 3676 domiue
785 3613 971 3699 lllizabetlr,
999 3634 1082 3680 uxor
1102 3617 1236 3681 Euiredi
1268 3617 1309 3682 de
1341 3616 1480 3681 corono.

313 3715 436 3780 llabnit
467 3717 552 3780 euim
585 3717 770 3781 Almerieus
798 3727 913 3783 sextus
943 3739 1001 3787 rex
1025 3721 1211 3785 uomentem
1251 3742 1350 3786 uuum
1380 3722 1482 3786 filium

278 3846 280 3852 ¹
311 3820 521 3904 balduinum,
544 3821 585 3885 ab
605 3821 743 3886 infautia
762 3822 940 3906 leprosum,
973 3834 1006 3888 et
1025 3825 1109 3890 duas
1129 3828 1233 3911 lilios,
1266 3827 1424 3910 Sibyllam
1446 3835 1481 3889 et

312 3924 545 3993 Elisabethum.
586 3926 717 3990 blortuo
739 3938 844 3991 sutem
866 3927 1030 3992 Almarico
1058 3933 1208 4014 regiravit
1233 3931 1400 4014 leprosus,
1424 3932 1481 4013 qui

312 4030 389 4111 quia
409 4046 568 4112 generare
595 4025 659 4096 uon
686 4033 805 4115 patuit,
836 4031 978 4096 haerede
998 4052 1048 4103 ex
1069 4051 1108 4096 se
1128 4035 1232 4098 caruit
1265 4046 1298 4100 et
1325 4037 1401 4099 ieoit
1422 4035 1482 4098 Si·

311 4131 430 4214 byllam
453 4135 612 4199 senriorem
634 4153 775 4201 sororem
795 4152 887 4198 auam
908 4136 1079 4202 haeredem
1099 4139 1201 4222 regni,
1222 4139 1317 4222 culus
1337 4140 1483 4219 maritus,

257 4317 261 4326 Ι
310 4235 476 4328 muudus
498 4238 606 4303 Guido
626 4259 685 4324 pro
705 4258 745 4303 ea
764 4242 933 4324 regnavit,
959 4241 1130 4306 Elisabeth
1161 4252 1268 4307 autem
1298 4243 1369 4326 ejus
1389 4261 1483 4306 soror

311 4338 441 4437 domino
461 4327 745 4428 lluirodo'nupsit.
787 4343 868 4407 Post
888 4343 1045 4428 perditam
1066 4353 1174 4420 autem
1195 4355 1312 4412 terram
1334 4337 1483 4412 auctum
