3240 5222
744 171 958 287 eer‘

196 412 248 490 ost
276 391 681 483 secundell’hillstinornm
705 403 824 465 civitas
848 399 1008 466 Acheron
1029 399 1188 484 qnondam
1221 379 1366 487 grandis,

195 507 229 570 in
251 523 316 590 qna
336 521 487 586 magnum
510 505 760 589 erattemplnnr·
774 507 854 569 llael
877 509 949 570 sire
970 505 1173 580 Beelzebub,
1195 510 1251 590 qui
1275 506 1367 570 dice-
1425 539 1428 544 ·
1568 538 1571 544 ·

194 611 290 673 batur
312 608 405 672 Dens
425 608 590 692 Acheron,
612 608 700 671 unde
713 608 875 673 cho‘nias
897 629 954 675 rex
974 609 1081 686 lsrael¹
1097 628 1170 673 coro
1190 609 1366 675 cecidisset

195 732 254 797 per
291 711 457 776 cancellos
481 712 660 786 coenaculi
690 715 760 797 sui,
803 715 890 800 misit
911 714 959 778 ad
973 713 1225 779 ”consulendum
1252 715 1377 778 Deum·

66 885 68 889 ,
186 817 367 898 Acheron,
389 815 584 899 ll'eelz'ebnb,
605 827 639 879 ut
661 817 797 880 liabetur
818 821 851 882 t.
872 819 954 903 lleg.
979 822 1007 884 l.
1049 821 1094 883 lut
1109 818 1235 882 duduci
1260 812 1366 882 domi-

195 940 272 986 nnm
303 921 420 984 Jesnnr
451 919 667 1006 infamabant,
704 920 789 1004 quod
821 923 955 986 baberet
986 911 1115 1008 pactum
1146 941 1219 986 cum
1252 922 1366 986 eudem

180 1025 369 1104 dee-one,
391 1022 553 1092 dicentes:
586 1026 619 1088 in
643 1025 827 1089 Beelzebub
849 1029 995 1110 principe
1017 1028 1255 1104 daemoniorum
1278 1027 1377 1110 ejicit*
1410 1045 1412 1052 ⁴
1520 1045 1523 1052 ·

83 1204 88 1212 Ι
143 1135 146 1142 ’
185 1121 478 1210 ,dremorna,·huc.
502 1125 561 1197 Xl.
601 1132 695 1220 Haec
716 1132 833 1193 civitas
856 1131 915 1194 tuit
937 1119 1021 1215 deta
1048 1134 1143 1197 tribui
1169 1132 1272 1212 Juda,
1304 1131 1365 1196 sed

194 1250 369 1315 numquam
391 1251 563 1316 possessa,
595 1236 672 1318 qnia
693 1253 758 1297 non
787 1235 1019 1317 praevalebant
1043 1247 1154 1300 contra
1176 1237 1248 1318 ejus
1269 1236 1365 1298 habt·
1430 1317 1433 1324 Ι

195 1345 317 1400 ratores
329 1339 497 1420 gigantes..
520 1338 663 1401 Uberius
685 1330 913 1426 descendendo
933 1358 997 1421 per,
1011 1341 1109 1403 maris
1126 1341 1217 1403 littus
1235 1341 1365 1404 venitur
1457 1373 1461 1380 ·

195 1439 238 1504 ad
266 1440 428 1524 Azotum,
469 1459 555 1525 qnae
575 1441 688 1505 'tertia
720 1451 771 1504 est
800 1442 1039 1510 Philistinornm
1068 1443 1203 1527 civitas,
1232 1443 1365 1506 decreta
1425 1497 1429 1504 .

157 1563 161 1570 ·
194 1542 325 1628 quidem
345 1562 404 1627 per
424 1545 560 1608 Josnam
584 1546 680 1608 tribui
702 1545 820 1630 Judae,
842 1545 901 1608 sed
923 1565 989 1610 non
1010 1555 1117 1630 tenta,
1140 1550 1216 1632 quia
1236 1548 1365 1632 hubita-

165 1668 169 1674 ·
194 1658 283 1712 tores
303 1649 456 1730 pristinos
477 1651 626 1732 nequivit
657 1651 829 1733 expellere.
873 1652 910 1712 ln
932 1652 995 1715 bac
1015 1653 1148 1718 civitate
1168 1637 1238 1715 erat
1258 1660 1365 1733 temp-

194 1752 260 1814 lum
281 1753 397 1835 lingon
428 1771 598 1837 magnum,
624 1753 657 1816 in
686 1755 772 1837 qnod
797 1754 939 1817 tolerunt
968 1741 1139 1821 Philistaei
1165 1775 1272 1820 arcam
1302 1754 1365 1817 Dei

193 1855 310 1938 lsrael,
332 1873 404 1920 oum
426 1874 497 1919 eam
519 1859 699 1940 cepissent,
727 1856 786 1921 sed
808 1857 925 1940 Dagon
957 1857 1075 1922 idolum
1097 1865 1218 1926 corruit
1248 1869 1280 1922 et
1302 1878 1364 1942 po·

193 1961 291 2043 putus
309 1979 485 2043 percussus
506 1961 604 2044 plage
624 1979 743 2044 magna
764 1962 855 2043 init,
874 1971 910 2026 ut
937 1973 1027 2047 patet
1055 1967 1082 2027 t.
1116 1964 1200 2048 Reg.
1227 1965 1269 2026 V.
1312 1965 1365 2026 De
1474 1983 1477 1992 ·

170 2065 256 2128 ‘bac
277 2061 413 2128 civitate
433 2063 660 2129 descendendo
681 2083 780 2150 snper
796 2067 894 2129 meris
926 2065 1018 2129 littus
1043 2069 1172 2132 venitur
1201 2064 1243 2128 ad
1264 2071 1365 2148 q'nar·
1458 2061 1460 2067 '

193 2177 260 2250 torn
274 2168 522 2258 Philistinorum·
538 2171 660 2253 urbem,
681 2168 723 2232 ed
738 2170 945 2253 Ascalonem,
968 2168 1010 2233 de
1026 2189 1091 2254 qua
1103 2172 1301 2254 leronymus
1323 2169 1364 2230 de

11 2277 13 2296 '
150 2271 152 2274 ’
195 2272 355 2338 distantiis
377 2273 519 2338 locorum
532 2272 624 2337 dicit:
648 2273 793 2336 Ascalon
814 2275 891 2337 urbs
912 2274 1029 2338 nobilis
1041 2274 1257 2357 Palaestinae,
1280 2259 1365 2357 quoe

121 2413 128 2422 .
188 2377 378 2461 ,antiquitus
395 2378 453 2441 tuit
468 2396 533 2441 niro
554 2377 595 2441 de
616 2380 760 2461 quinque
780 2381 920 2461 satrapis
935 2379 1191 2462 Philistinorum3
1211 2385 1369 2461 neptum-
1399 2385 1402 2390 -
1501 2385 1504 2392 ,
1525 2383 1530 2390 ,

195 2482 290 2546 tribui
300 2482 389 2546 lude
398 2501 457 2565 per
468 2491 599 2566 sortem,
621 2491 728 2546 tamen
749 2503 812 2546 nou
827 2484 1029 2566 retenta(b)
1049 2485 1089 2547 ab
1102 2502 1158 2567 ea,
1181 2483 1363 2566 quiahabi-

199 2594 319 2650 totores
338 2587 410 2669 ejus
421 2603 661 2670 superare'non
682 2590 793 2672 potuit.
821 2591 914 2650 Haec
935 2589 1054 2651 civitas
1076 2589 1254 2651 novissimo
1278 2594 1363 2648 tem·

197 2709 279 2773 pere
299 2709 438 2774 magnae
470 2691 666 2755 fortitudinis
694 2693 764 2756 luit.
808 2692 893 2776 Nam
924 2690 1098 2754 Saladinns
1124 2710 1183 2753 rex
1208 2681 1362 2772 Aegypti,
1477 2711 1480 2718 ¹

193 2792 447 2862 Christianorum
469 2796 630 2878 stimulus,
649 2800 701 2874 vir
721 2799 833 2879 ntique
850 2794 1130 2878 bellicosissimus,
1152 2812 1226 2857 cum
1240 2795 1362 2876 passim

117 2891 120 2896 ’
155 2967 158 2976 ,
194 2895 397 2994 Christianos
418 2899 604 2982 devinceret
619 2901 720 3008 'egde
742 2901 823 2982 lucis¹
847 2898 979 2980 ejiceret
1014 2898 1144 2981 iamque
1166 2914 1277 2979 regem
1299 2896 1378 2991 ,Ιιιιιι

196 3001 334 3064 rusalem
361 3005 541 3068 Gnidenem
564 3012 597 3066 et
618 3005 807 3088 magistrum
839 3003 948 3084 templi
975 3020 1049 3064 oum
1073 3000 1232 3065 nobilibus
1256 3001 1362 3083 capti·
1458 3007 1460 3014 '

193 3116 322 3189 vasset,
352 3108 506 3190 applicuit
538 3109 734 3173 Ascalonem
757 3126 828 3170 cum
851 3107 974 3188 ingenti
1000 3107 1144 3170 exercitu
1167 3089 1362 3188 oppugnans

192 3211 376 3294 civitatem,
398 3212 458 3276 sed
479 3213 556 3276 rrildl
583 3213 728 3296 proiecit.
773 3211 881 3274 Solvit
913 3229 991 3294 ergo
1022 3209 1222 3304 obsidionem
1254 3217 1287 3271 et
1320 3206 1362 3270 od

192 3313 377 3379 Jerusalem
398 3318 567 3380 civitatem.
581 3325 729 3381 sanctam
750 3317 900 3380 escendit
915 3334 1051 3400 eumque
1063 3303 1158 3397 oepit,
1181 3323 1218 3376 ut
1238 3312 1363 3377 dictum

158 3473 164 3514 3
192 3426 244 3480 est
255 3418 292 3486 Ρ.
316 3420 344 3483 l.
367 3419 441 3484 l'ol,
459 3421 532 3486 268.
578 3420 684 3512 Capta
703 3432 809 3484 autern
830 3420 1036 3503 Jerosolyma
1057 3421 1173 3483 iterum
1196 3417 1363 3482 descendit

191 3531 223 3585 et
240 3523 437 3588 Ascalonem
460 3524 600 3606 obsedit,
622 3544 685 3589 nec
706 3544 776 3590 eam
799 3543 917 3608 capere
937 3525 1041 3608 potuit
1068 3524 1132 3587 nisi
1163 3521 1363 3586 bac-condi·

188 3628 294 3709 tione,
325 3630 356 3692 si
383 3648 492 3714 regem
519 3631 762 3715 Jerusalem-et
790 3631 975 3712 magistrum
1012 3627 1122 3711 templi
1150 3645 1224 3692 cnm
1252 3646 1362 3704 eorum

190 3734 350 3798 nobilibus
371 3733 491 3798 liberos
510 3736 601 3799 abire
622 3738 830 3819 permitteret,
851 3752 889 3796 se
910 3738 1027 3815 sponte
1048 3732 1213 3795 ciuitatem
1236 3733 1363 3797 tradere

188 3838 321 3920 vellent,
343 3839 429 3922 qnod
448 3840 593 3923 promisit
613 3849 648 3903 et
673 3841 785 3922 tenuit,
809 3839 923 3924 sieque
944 3838 1139 3904 Ascalonem
1161 3839 1297 3922 accepit.
1417 3830 1419 3834 ’

272 3942 325 4005 lle
346 3943 408 4008 hec
420 3945 804 4025 civitateconseque'nter
817 3941 1044 4023 descendendo
1065 3963 1125 4026 per
1150 3942 1241 4006 littus
1262 3942 1362 4005 maris

126 4061 130 4066 ·
189 4049 319 4118 venitur
340 4047 381 4110 ad
403 4049 547 4131 quintam
570 4050 731 4112 civitatem
744 4047 996 4132 l’bilistinorum,
1017 4065 1101 4131 quae
1122 4047 1240 4111 dicitur
1256 4045 1361 4114 (lani
1392 4106 1395 4112 .

114 4153 115 4158 ’
187 4150 242 4220 vel
264 4153 404 4236 Gazara,
426 4149 585 4236 adquam
609 4164 642 4218 et
662 4157 722 4218 nos
743 4154 806 4237 ipsi
828 4155 861 4215 in
880 4153 943 4215 bac
963 4152 1019 4216 vie
1036 4151 1260 4214 festinavimus
1282 4150 1361 4212 des-

190 4255 340 4340 uendere,
351 4264 488 4341 quotuor
509 4258 571 4322 irm
594 4257 700 4322 dictas
719 4259 871 4323 civitates
893 4254 1152 4338 derelinquentes
1172 4256 1214 4320 ad
1236 4263 1359 4335 portem
