3212 5206
204 455 337 522 redsoen
369 462 440 536 est,
472 473 558 541 quse
593 455 722 522 deserte
756 457 875 522 dieitur
900 456 1012 522 liner.
1041 457 1133 532 Vssi.
1185 458 1283 524 Nous
1314 477 1376 526 su-

203 573 270 626 tem
300 559 397 626 heffie
427 561 567 645 insignis
596 563 713 628 eivites
745 563 953 628 Palaestines
981 571 1052 644 est,
1085 565 1118 626 in
1148 563 1245 648 duplo
1275 565 1376 648 major

205 685 301 750 quem
334 667 379 728 sit
404 665 606 751 Jerusalem,
638 669 797 751 populoso
826 677 860 731 et
890 670 1033 752 pinguis.
1075 667 1171 732 Unde
1197 669 1375 753 vulgariter

204 769 366 853 loquendo
389 778 444 834 est
463 770 554 834 losse
577 773 702 856 butyri,
723 780 759 836 et
778 773 887 836 omnis
906 773 950 836 sd
982 775 1155 839 hommem
1177 774 1276 836 vitem
1298 791 1376 855 per·
1494 840 1497 848 ,

204 877 342 940 tinentia
362 884 439 946 sent
460 876 505 938 ibi
525 877 558 938 in
580 878 674 960 eopis
701 887 735 940 et
766 879 850 942 bono
872 877 952 942 iero.
995 879 1057 941 ll'et
1077 879 1122 942 ibi
1144 879 1276 942 arbores
1297 886 1375 942 sunt

203 980 397 1063 pslmsrun,
417 979 503 1064 quod
525 981 642 1046 eivitss
662 981 792 1047 videtur
807 982 919 1065 jeoere
939 985 974 1044 in
995 983 1089 1046 silve,
1131 983 1253 1048 Demos
1273 982 1374 1045 hehet

203 1084 310 1148 luteos
341 1095 374 1149 et
404 1087 557 1170 miserus,
590 1086 651 1150 se'd
670 1088 844 1152 musehees
864 1096 899 1150 et
919 1089 1081 1152 sestusrie
1101 1087 1199 1152 velde
1219 1087 1372 1170 pretiose,

69 1165 79 1192 ⁸
203 1209 271 1253 nou
291 1199 342 1256 est
372 1209 471 1255 muro,
495 1193 621 1275 sinete,
647 1193 708 1256 sed
741 1202 847 1258 turres
877 1191 997 1256 multu
1036 1201 1069 1256 et
1099 1193 1183 1256 eltss
1212 1191 1310 1256 hebet
1331 1192 1372 1254 sb

202 1295 296 1358 intro.
327 1295 389 1360 nst
410 1297 527 1360 eivites
548 1298 722 1382 maritime,
744 1317 809 1362 nen
829 1306 937 1362 temen
957 1315 1058 1380 prope
1079 1314 1178 1380 super
1198 1297 1275 1360 litus
1294 1296 1370 1378 sits,

203 1400 263 1464 sed
284 1399 326 1463 ed
356 1419 453 1464 unum
485 1404 682 1466 teutonicum
710 1403 856 1468 militem.
899 1402 1077 1485 Noctibus,
1110 1400 1244 1486 quondo
1264 1400 1372 1462 omnis

201 1505 356 1569 tenelm
376 1505 549 1590 silentium,
562 1507 747 1572 andivimus
766 1509 800 1572 in
825 1516 936 1571 nostre
956 1509 1047 1572 euris
1065 1507 1206 1570 sonitum
1224 1514 1258 1568 et
1272 1503 1371 1568 muris

202 1611 351 1692 rugitum.
393 1611 490 1674 Multi
511 1621 707 1676 morosiores
727 1614 762 1676 in
793 1611 889 1677 Gamo
909 1612 1054 1676 resident
1080 1620 1115 1675 et
1136 1614 1208 1675 enei
1230 1609 1369 1693 plurimi,

202 1724 237 1778 et
255 1718 360 1780 estin
380 1735 421 1780 eo
441 1718 597 1781 mirabilis
618 1718 762 1802 gentium
790 1718 975 1780 commixtio
996 1715 1210 1780 diversorum.
1249 1714 1369 1779 Plures

200 1829 277 1885 sunt
296 1823 343 1886 ibi
362 1822 556 1906 Aethiopes,
588 1821 678 1886 multi
705 1821 852 1905 Arabes,
878 1821 1035 1904 Aegyptii
1056 1830 1089 1885 et
1118 1822 1213 1906 Syri,
1242 1818 1320 1882 indi¹
1335 1826 1369 1881 et

203 1925 399 1991 Christiani
415 1927 609 2010 orientales,
648 1927 727 1990 uuili
754 1925 873 1989 Latini.
926 1928 1086 2010 'l'empore
1118 1927 1230 1990 ultimo
1269 1921 1369 1986 Chri·

201 2035 378 2096 stianorum
416 2041 485 2096 erut
523 2034 567 2096 ibi
604 2033 708 2098 bonus
742 2039 775 2094 et
809 2031 1004 2094 honorabilis
1044 2032 1260 2114 episcopatus.
1310 2024 1365 2088 st

200 2137 512 2202 eommendetienem
543 2153 622 2198 vero
650 2135 747 2218 iruJus
779 2136 923 2218 civitatis
958 2134 1022 2198 duo
1056 2135 1175 2198 notavi.
1215 2133 1367 2210 Primum,
1470 2205 1474 2212 1

201 2242 286 2326 quod
318 2241 396 2305 mini
427 2257 492 2304 nou
520 2237 669 2322 videtur,
699 2239 787 2325 quod
817 2259 968 2324 umquem
990 2241 1095 2304 loeurn
1119 2239 1175 2302 vel
1199 2229 1365 2300 eivitetem

198 2345 354 2430 viderim,
384 2346 418 2409 in
446 2363 511 2428 que
540 2345 648 2408 omnis
675 2348 742 2408 sint
773 2347 808 2408 in
830 2354 900 2414 tum
929 2348 1013 2412 bono
1038 2347 1127 2430 foro,
1158 2361 1243 2428 quoe
1271 2341 1366 2403 homo

199 2450 374 2533 desideret,
396 2451 481 2514 sieut
502 2452 535 2513 in
558 2448 661 2514 Gens.
705 2449 858 2515 Secunde
884 2452 1032 2515 homines
1064 2459 1141 2514 sunt
1160 2450 1205 2513 ibi
1226 2444 1365 2530 penitiori,

199 2573 371 2640 numquam
393 2555 479 2618 enirn
499 2555 679 2618 molestiam
700 2556 875 2620 intulerunt
896 2557 991 2620 nobis
1011 2556 1164 2639 eliquare,
1177 2570 1239 2616 nee
1260 2567 1367 2614 vexe-

200 2668 276 2724 runt
306 2678 382 2744 nos,
410 2661 495 2724 sieut
521 2661 555 2722 in
575 2659 680 2724 liene
701 2671 734 2724 et
760 2661 908 2744 Joppen,
944 2670 977 2725 et
998 2669 1109 2737 nmen
1131 2661 1191 2742 pei
1214 2659 1365 2720 visoset

198 2767 324 2850 pluteus
344 2765 477 2830 entidie
498 2781 595 2829 eruoe
615 2766 734 2848 signati
757 2769 956 2830 euourrimus
986 2773 1021 2829 et
1042 2784 1115 2828 eum
1137 2765 1185 2826 eis
1207 2766 1363 2824 treototus

197 2873 368 2936 habuimus
391 2874 465 2934 sine
483 2871 570 2933 omni
601 2869 759 2934 molestie
802 2871 873 2955 ligo
894 2870 1087 2954 aliquotiens
1108 2867 1201 2930 solus
1221 2869 1256 2926 in
1279 2863 1365 2926 albis

132 2972 141 2988 '
198 2975 355 3039 iueedens
375 2975 511 3037 transivi
542 2975 639 3056 longe
665 2976 797 3038 eenrie
823 2984 934 3039 nostre
959 2985 1006 3038 -et
1034 2990 1204 3055 numquem
1235 2971 1365 3032 unieum

199 3079 440 3162 opprobriosum
462 3077 581 3142 audivi.
619 3081 740 3143 Verum
763 3081 826 3144 hoe
842 3098 906 3143 non
929 3081 1078 3142 omnibus
1099 3074 1290 3159 peregrinis,
1309 3069 1366 3154 qui

198 3193 275 3246 unte
294 3201 355 3247 uos
376 3184 420 3247 ibi
441 3202 560 3247 morsm
583 3194 764 3268 traxerunt,
786 3184 914 3262 oceidit,
936 3183 996 3247 sed
1017 3191 1053 3246 nt
1074 3182 1140 3264 logi
1160 3181 1193 3242 in
1215 3176 1366 3261 peregri·

197 3290 334 3374 nalitus,
357 3290 486 3374 quidem
508 3289 553 3353 ibi
574 3291 706 3354 multum
743 3290 883 3353 tribulati
923 3288 1060 3354 suerent
1102 3285 1145 3348 Et
1167 3290 1291 3346 initum
1323 3278 1366 3342 de

196 3395 259 3459 lieu
280 3395 423 3460 eivitute.

197 3667 454 3748 Consideretio
478 3669 583 3746 trium
604 3679 690 3746 ente
713 3670 853 3748 deserti
874 3672 1078 3771 ingressum
1101 3679 1160 3746 est
1180 3667 1239 3744 hie
1254 3687 1363 3768 pree-

268 3789 451 3884 noento,
486 3788 631 3866 seilicet
653 3788 702 3865 de
724 3790 859 3884 asinis,
895 3790 1046 3868 oomelis
1078 3799 1117 3867 et
1140 3788 1189 3866 de
1210 3788 1292 3892 ipse

671 3909 878 3987 solitudine.
968 3975 971 3980 .

235 4125 238 4142 '
278 4114 460 4198 iintequem
494 4113 712 4198 ingrediemur
750 4113 930 4197 desertum,
965 4123 1001 4178 ut
1033 4114 1106 4197 ipss
1143 4111 1360 4197 peregrinatio

194 4216 313 4280 deserti
334 4220 454 4284 elarius
473 4227 602 4304 petest,
623 4219 684 4282 trie
704 4227 781 4283 sunt
801 4217 1052 4304 praemittendo,
1074 4218 1116 4282 de
1139 4219 1256 4302 quibus
1278 4233 1360 4278 eon-

195 4321 285 4383 tinue
325 4325 443 4388 mentio
476 4323 512 4390 iit
551 4328 585 4390 in
626 4324 848 4407 sequentibus.
903 4323 1044 4387 Primum
1087 4329 1140 4385 est
1183 4318 1359 4400 deseriptio
