3240 5222
257 479 263 492 ·
311 454 513 533 Banraham,
535 457 568 513 ut
588 456 676 532 patet
701 448 730 510 t.
752 445 794 509 ad
814 444 961 510 Corinth.
983 463 1012 510 o.
1036 443 1086 512 ib.
1108 455 1142 508 et
1157 445 1202 508 ibi
1234 444 1310 510 vido
1330 443 1369 514 S.
1391 443 1483 508 'lho-

311 577 396 626 mam
419 567 451 621 et
469 556 599 618 Petrum
620 553 662 616 de
682 551 896 615 'l'harentasia
917 559 951 614 et
970 550 1077 613 Niool.
1099 551 1221 634 hyra,
1253 559 1286 612 ot
1308 549 1349 613 ad
1372 548 1482 614 Galat.

310 663 368 726 vt.
392 671 424 725 et
444 662 474 723 2.
489 659 632 723 Corinth.
653 659 684 722 8.
708 654 844 718 ellium.
860 651 931 718 XV.
953 653 1157 736 Proficisoor,
1177 652 1484 738 lnquitApostolus,

311 784 397 830 nuno
418 767 453 828 in
473 762 677 845 Jerusalem,
707 761 888 824 ministrare
911 761 1052 840 sanetis,
1081 758 1188 824 dando
1210 763 1258 823 eis
1280 759 1418 822 oottecta
1439 773 1485 818 ex

311 871 439 952 Aehaja
467 878 499 931 et
526 866 720 930 Macedonia
741 871 806 927 ete.
850 863 986 945 Semper
1007 864 1091 926 enirn
1120 873 1212 927 erant
1233 865 1267 926 in
1296 860 1483 926 Jerusalem

311 978 373 1040 viri
396 985 429 1038 et
452 972 601 1036 mulieres
628 973 779 1036 viventes
799 967 834 1030 in
856 966 1047 1051 evangeliea
1066 978 1266 1051 paupertate,
1283 985 1341 1049 pro
1364 965 1483 1048 quibus

257 1115 259 1122 ·
311 1080 567 1144 sollicitabantur
588 1078 684 1140 etiam
703 1075 767 1157 ipsi
787 1073 954 1154 Apostoli,
969 1072 1064 1137 Unde
1084 1091 1157 1136 enm
1173 1075 1296 1156 primae
1313 1070 1487 1134 oolumnae

311 1185 489 1265 eoelesiae,
526 1182 660 1262 Petrus,
696 1178 841 1242 Jaoobus
881 1188 914 1240 et
942 1179 1110 1242 Jobannes
1150 1178 1283 1241 dextras
1316 1175 1484 1240 dedissent

312 1290 423 1354 Paullo
453 1297 486 1350 et
511 1287 698 1366 Barnabae,
736 1295 857 1365 eosque
887 1283 1031 1364 gentium
1066 1282 1272 1346 ordinassent
1292 1279 1483 1364 Apostolos,

311 1397 469 1458 miserunt
498 1408 556 1454 eos
584 1388 625 1452 ad
658 1386 909 1471 praedicandum
941 1388 1004 1451 hao
1030 1385 1232 1469 conditione,
1266 1396 1301 1448 ut
1323 1399 1484 1448 memores

313 1508 423 1562 tamen
445 1503 558 1559 essent
588 1511 765 1577 pauperum
793 1491 826 1552 in
864 1489 1050 1554 Jerusalem
1085 1491 1267 1574 colligendo
1299 1509 1357 1572 pro
1378 1490 1428 1550 eis
1449 1496 1484 1550 et

312 1599 484 1682 mittendo,
516 1606 552 1660 nt
573 1599 712 1662 babetur
738 1593 780 1658 ad
808 1591 917 1658 Galat.
939 1595 971 1658 2.
1016 1593 1126 1674 Quare
1154 1598 1249 1680 qnasi
1279 1592 1485 1677 iulomnibus

313 1704 461 1790 epistolis
481 1703 552 1766 suis
582 1700 716 1764 Paullus
748 1697 900 1762 admonet
920 1699 991 1794 lieri
1012 1702 1166 1766 eolleotas
1187 1701 1332 1763 sabbatis
1353 1698 1484 1761 eunetis

313 1813 347 1874 ln
367 1806 568 1889 Jerusalem,
590 1815 624 1869 et
648 1803 819 1888 diligenter
841 1804 980 1886 providit
1002 1805 1043 1868 de
1069 1823 1186 1868 seoura
1220 1803 1479 1867 transmissione.

312 1915 407 1980 Unde
427 1923 461 1976 et
490 1914 628 1994 ipsemet
647 1928 707 1993 per
728 1927 766 1972 se
787 1908 891 1991 ipsum
925 1909 1095 1993 aliqnando
1117 1910 1190 1973 ideo
1212 1909 1360 1973 aseendit
1379 1907 1484 1969 Jeru-

313 2021 414 2084 salem
435 2016 476 2081 ad
500 2011 770 2100 praesentandum
791 2013 946 2097 oolleota,
976 2025 1011 2078 nt
1032 2023 1120 2099 patet
1142 2015 1236 2080 lium.
1257 2016 1333 2079 XV.
1355 2019 1390 2076 et
1411 2012 1483 2074 Ao-

313 2133 403 2188 tunm
432 2123 566 2201 xtttV,
607 2121 662 2184 nbi
692 2104 970 2201 n'otioi'prnosidt
997 2120 1039 2183 de
1070 2120 1132 2183 hoe
1164 2120 1244 2184 laolt
1277 2118 1484 2197 mentionem,

313 2225 437 2288 Mansit
468 2231 575 2286 autem
607 2224 690 2287 haee
722 2223 922 2287 consuetudo
950 2224 984 2287 in
1010 2226 1168 2308 eeclesia,
1213 2232 1248 2287 ιιι
1280 2225 1484 2286 mitterentur

313 2329 451 2394 oolleota
471 2329 504 2388 in
523 2326 706 2391 Jerusalem
729 2326 839 2390 multis
860 2330 1066 2411 temporibus.
1108 2329 1258 2394 Surrexit
1278 2335 1385 2391 autern
1407 2323 1484 2407 qui·

314 2433 388 2496 darn
410 2431 606 2513 haereticus,
626 2429 836 2514 Vigitnnttus,
862 2433 917 2515 qui
938 2434 1022 2497 inter
1042 2434 1124 2500 alios
1142 2451 1221 2498 suos
1238 2447 1364 2496 errores
1385 2429 1483 2492 etiam

314 2538 400 2601 huno
422 2536 552 2618 habuit,
583 2535 712 2618 dioens,
746 2536 834 2598 illam
856 2537 1024 2601 oolleotam
1046 2549 1079 2604 et
1107 2539 1384 2602 transmissionem
1406 2549 1483 2596 esee

313 2661 432 2710 vanam
452 2650 488 2704 et
516 2640 675 2722 inutilem3
713 2649 826 2704 contra
848 2659 943 2724 quem
975 2643 1111 2707 malleus
1133 2644 1308 2724 eeclesiae,
1337 2641 1483 2720 Jorony-

314 2766 404 2829 mus,
426 2747 516 2810 stetit
545 2763 683 2827 eumque
704 2761 803 2829 super
832 2748 895 2810 hoo
931 2766 1039 2812 errore
1067 2750 1263 2830 gravissime
1285 2742 1483 2828 reperenssit

314 2863 346 2916 et
368 2853 541 2934 exstinxit,
571 2851 661 2913 utin
691 2850 828 2933 epistola
850 2859 962 2915 eontra
982 2852 1208 2935 vigilantium.
1250 2850 1317 2915 Sed
1338 2859 1371 2912 et
1391 2848 1484 2910 bloi·

289 2957 401 3022 nium
432 2955 604 3040 quendam,
625 2953 818 3037 perdivitem
827 2954 1019 3039 Romanum,
1041 2959 1097 3040 qui
1118 2959 1236 3020 multas
1256 2957 1484 3035 eleemosynas

314 3051 447 3126 miserat
477 3058 714 3142 Jerosolymam
744 3069 777 3121 et
799 3071 921 3124 tantum
939 3079 1051 3124 aurum
1071 3061 1222 3144 dederat,
1251 3071 1287 3124 ιιι
1310 3059 1482 3123 multorum

312 3174 425 3250 posset
455 3165 584 3246 inopiae
605 3163 788 3244 subveniri,
822 3165 992 3246 plurimum
1023 3167 1244 3250 oommendat,
1272 3174 1310 3228 nt
1335 3169 1426 3247 patet
1447 3162 1483 3222 in

313 3270 407 3352 epist.
440 3267 483 3330 ad
514 3266 715 3330 Theodoram
746 3266 887 3332 viduam.
931 3271 1067 3352 lnsuper
1088 3272 1124 3336 S.
1157 3269 1337 3355 Gregorius
1364 3268 1483 3349 legltur

313 3372 489 3456 speoialem
510 3389 621 3434 euram
648 3370 802 3433 habuisse
824 3371 864 3436 de
886 3372 1047 3456 religiosis
1076 3377 1111 3440 iu
1131 3375 1335 3452 Jerusalem,
1364 3371 1483 3455 quibus

313 3487 347 3540 et
372 3477 600 3541 monasterinm
641 3473 826 3540 aedificavit
863 3485 895 3540 ot
927 3487 1054 3544 sumtus
1085 3480 1272 3544 transmisit.
1325 3480 1364 3543 ln
1396 3477 1484 3542 huno

305 3584 446 3666 ¹insuper
465 3582 561 3648 linem
582 3580 749 3644 institutae
774 3583 904 3648 inerunt
923 3585 957 3646 in
978 3582 1120 3648 eooleaia
1145 3593 1213 3646 tres
1236 3583 1393 3665 Ordines,
1412 3580 1483 3644 soi-

312 3687 388 3751 lioet
412 3688 597 3771 Templarii,
618 3686 838 3773 Hospitalarii,
860 3698 894 3751 et
913 3699 1048 3753 sanotae
1063 3690 1189 3752 Mariae
1200 3689 1483 3770 Tireutonioorum,

313 3802 346 3856 et
367 3792 533 3856 inductum
555 3792 604 3854 eis
626 3792 685 3856 init
707 3790 879 3856 aedificare
898 3793 1013 3858 domus
1033 3813 1091 3879 per
1111 3793 1193 3877 loos,
1211 3802 1243 3858 et
1253 3792 1483 3876 possessiones

313 3909 353 3956 ae
375 3894 456 3956 olias
475 3910 631 3959 aoervare
653 3897 802 3980 divitias,
823 3907 859 3960 ut
876 3917 933 3962 eas
954 3901 1210 3963 transmitterent
1230 3899 1264 3962 in
1285 3896 1483 3966 Jerusalem.

312 3997 408 4062 Unde
429 4000 523 4084 primi
542 4001 574 4062 in
598 4009 721 4063 tantum
753 4002 958 4083 protooemnt
979 4005 1013 4068 in
1039 4006 1137 4068 rebus
1165 4004 1414 4086 temporalibus,
1446 4009 1483 4066 ιιι

313 4103 454 4168 eeclesia
476 4101 687 4168 occidentalis
705 4123 762 4169 eos
785 4105 870 4171 ferre
891 4127 955 4172 non
996 4118 1109 4192 posset
1148 4109 1342 4192 fueruntque
1371 4107 1483 4188 deleti,

313 4217 347 4273 et
368 4228 445 4294 pars
467 4211 563 4274 etiam
588 4229 696 4275 eorum
720 4210 797 4277 data
818 4213 1129 4297 fuitHoapitalariis,
1151 4215 1208 4296 qni
1229 4213 1484 4278 nnnoJohauni·

313 4323 367 4378 tae
378 4325 613 4402 nuncupantur,
621 4335 756 4402 quorum
769 4320 877 4382 omnia
889 4319 971 4384 bona
983 4319 1143 4403 pertinent
1154 4317 1196 4382 ad
1207 4317 1480 4402 Hierosolymam.
