3204 5216
143 422 218 504 ejm
234 421 401 504 juoundae
422 420 506 484 duae
527 421 621 482 nobis
654 428 889 504 apparuerunt,
923 430 956 482 et
977 418 1019 483 ad
1046 419 1169 504 loouru,
1198 422 1232 483 in
1251 440 1319 505 quo

143 527 305 590 ueniuu
329 524 514 608 flagellatus
534 524 692 608 ereditur,
715 543 776 589 uos
797 527 969 590 duxeruut.
1001 523 1065 586 liet
1084 525 1319 608 enlm-ospello

146 630 303 712 rotuda,
333 629 548 708 testudinata,
583 629 625 692 ad
647 631 719 713 ejus
747 632 836 697 latus
867 637 917 692 est
939 644 1099 691 aseensus
1133 627 1166 690 in
1189 628 1317 694 domurn

146 737 364 818 superiorem,
396 733 561 798 immunde
593 743 701 798 autern
733 743 767 798 et
799 737 871 799 sine
902 735 1023 797 honore
1058 739 1173 795 tenent
1209 733 1316 797 looum

146 841 253 902 istum·
274 857 424 921 ιιοιιιιιι,
451 848 484 902 et
506 848 555 903 est
585 841 678 923 qnasi
709 841 838 903 sentina
870 839 999 921 domus,
1030 837 1064 900 in
1086 855 1181 920 quam
1211 839 1319 900 omnia

147 952 361 1028 purgamenta
379 942 573 1025 iujioiuutur.
608 945 682 1008 lloo
704 951 812 1006 tamen
834 963 899 1007 non
920 943 1070 1006 obstante
1090 940 1318 1005 descendimus

145 1047 438 1128 insinuandum,
463 1057 497 1111 et
518 1048 683 1112 orationes
704 1057 834 1112 nostras
860 1047 1019 1129 fudimus,
1041 1055 1075 1109 et
1095 1045 1317 1128 indulgentias

146 1151 312 1233 plenariae
342 1152 428 1236 (ἦ)
456 1153 894 1237 ιῑιιιΙιιιίοιιίιιιοοιρίιιιιιι.
938 1153 993 1214 An
1020 1159 1129 1215 autem
1156 1150 1318 1215 Dominus

146 1255 180 1318 iu
201 1255 315 1319 mdem
337 1256 408 1320 loeo
430 1257 528 1320 fuerit
548 1266 730 1340 eoronatus‚
749 1259 783 1320 iu
805 1279 868 1343 quo
890 1258 951 1320 fnit
972 1255 1167 1339 flagellatus,
1189 1255 1318 1319 videtur

147 1378 190 1423 ex
216 1361 343 1444 lirang.
364 1362 522 1424 Matthaei
555 1371 589 1424 et
605 1363 721 1444 Manui,
743 1364 828 1446 quod
851 1365 947 1428 fuerit
974 1362 1102 1446 publioe
1130 1359 1317 1442 flagellatus

147 1473 257 1548 extra,
288 1474 323 1528 et
344 1467 432 1529 intus
458 1468 492 1530 in
518 1469 600 1530 atrio
622 1477 805 1531 euronotus.
849 1468 917 1531 Sed
937 1467 1099 1531 Johannis
1127 1466 1219 1528 xlx.
1250 1483 1318 1547 po·

147 1577 267 1632 nuntur
287 1570 383 1633 simul
404 1571 579 1652 flagellatio
601 1580 633 1634 et
652 1573 833 1654 eoronati03
856 1577 907 1637 sio
927 1581 960 1635 et
980 1572 1066 1635 idem
1086 1569 1180 1635 bons
1202 1578 1319 1634 osteu-

147 1671 234 1738 ditur
255 1674 483 1757 flagellationis
511 1685 545 1739 et
566 1679 793 1740 coronationis.
834 1678 960 1740 Verum
987 1686 1096 1740 tarueu
1127 1680 1197 1757 est,
1228 1672 1317 1758 quod
1382 1693 1392 1702 ·

109 1815 112 1822 ·
146 1777 221 1842 loos
250 1779 317 1842 ista
346 1789 478 1862 propter
504 1779 725 1844 aedilioiorurn
747 1781 990 1846 destructiones
1023 1790 1057 1843 et
1094 1781 1318 1862 reparationes
1360 1787 1366 1793 ’

147 1881 325 1946 difficulter
354 1893 492 1966 possunt
519 1887 667 1968 reperiri.
711 1884 763 1947 lle
783 1886 841 1949 illa
873 1886 967 1950 domo
998 1883 1076 1948 vide
1104 1883 1160 1946 fol.
1193 1881 1255 1947 tas
1274 1881 1316 1943 A.

146 1989 221 2070 Ego
241 1989 318 2052 bina
337 1989 412 2052 vioe
444 1990 650 2053 intromissus
676 1990 733 2053 llil.
776 1989 958 2073 lleputatur
989 2004 1158 2069 magnum,
1190 1977 1319 2068 qus'nds

147 2096 340 2177 peregrinus
362 2095 395 2156 in
413 2093 484 2157 loeo
505 2093 671 2175 praediolo
694 2094 773 2178 fuit,
792 2097 878 2158 inter
899 2094 987 2158 mille
1017 2093 1103 2154 eniru
1124 2107 1188 2152 uon
1210 2096 1319 2171 potest

147 2216 235 2262 unus
254 2198 388 2281 ingredi.
430 2201 468 2261 ln
490 2200 579 2262 exitu
601 2208 711 2262 nostro
732 2197 881 2262 dedimus
909 2198 1027 2282 puellis
1054 2196 1181 2276 sliquos
1213 2191 1319 2257 madi-

149 2320 226 2384 nos,
254 2321 337 2385 quos
356 2321 428 2365 euro
452 2321 571 2386 magua
604 2303 803 2387 gratitudine
834 2311 1046 2387 aeceperunt,
1084 2309 1116 2362 et
1137 2318 1196 2382 per
1216 2300 1320 2362 initer-

32 2389 36 2404 '
149 2415 271 2488 pretam
293 2406 445 2470 dioeoant
469 2409 582 2490 nobis,
615 2408 701 2492 quod
722 2411 989 2492 quotiescumque
1011 2415 1105 2490 pater
1125 2423 1236 2468 eorum
1257 2405 1318 2466 ab·

149 2517 239 2572 esset
258 2507 371 2591 (282
379 2511 448 2594 Δ),
470 2513 608 2576 libenter
635 2532 696 2577 noe
716 2515 929 2578 intromittere
949 2512 1081 2576 vellent
1115 2510 1243 2574 Saevus
1266 2519 1319 2572 est

150 2614 235 2678 eninr
256 2624 349 2697 peter
370 2616 426 2677 ille
446 2617 488 2680 ad
517 2617 621 2700 dlfas,
652 2620 736 2682 sieut
755 2620 796 2683 ad
817 2621 899 2683 alios
931 2618 1077 2682 homines
1109 2615 1315 2694 eluriuuanos,

149 2736 232 2801 quos
253 2721 350 2781 etiarn
370 2721 482 2784 videre
503 2741 567 2784 uon
588 2733 705 2806 potest,
728 2734 759 2787 et
781 2724 854 2788 ideo
876 2743 916 2786 ex
938 2740 1002 2804 quo
1016 2719 1192 2783 Christiani
1212 2718 1316 2801 parti-

149 2821 261 2905 eip'aut
288 2823 330 2904 de
351 2825 540 2889 erudelitate
559 2827 647 2892 illins
677 2831 740 2892 viri
761 2847 835 2892 eum
856 2827 984 2891 filiabus
1015 2825 1102 2906 ejus,
1134 2821 1318 2884 afdoiuntur

149 2927 244 2992 nobis
271 2937 304 2990 et
332 2931 367 2990 ln
388 2939 584 2995 oontemturo
605 2935 709 3015 patris
730 2931 939 2995 introducunt
961 2928 1176 2994 Cltrietianos.
1214 2925 1318 2988 lirant

149 3035 237 3096 satim
258 3031 342 3097 duae
361 3037 532 3117 speoiosse
553 3037 638 3099 tiliae
657 3036 924 3119 grandiusculae,
945 3046 978 3099 et
998 3037 1032 3099 in
1050 3032 1184 3096 introitu
1204 3038 1316 3095 nostro

97 3128 104 3138 '
149 3138 298 3202 velamen
332 3138 487 3202 faoieruru
520 3139 756 3225 deposuerunt,
796 3151 829 3204 et
859 3139 1012 3225 jocondis
1044 3137 1191 3203 voltibus
1223 3137 1317 3200 uobis

149 3243 443 3328 eonversabantur,
466 3246 552 3329 quod
574 3265 647 3311 eum
670 3247 859 3312 Sarraeeuie
880 3265 981 3310 ausae
1001 3262 1065 3308 non
1088 3243 1236 3308 inissent.

209 3491 368 3568 Pulchra
392 3493 706 3596 peregrinatiof.
734 3490 778 3569 ll.
803 3493 848 3569 ll.
876 3517 943 3596 per
968 3493 1051 3568 loea
1075 3491 1255 3591 subjecta.

232 3671 380 3756 Sapinia
410 3672 463 3736 dis
500 3683 576 3737 ante
617 3673 699 3738 solie
740 3683 845 3739 ortum
900 3672 997 3736 dietis
1040 3673 1205 3736 matutinis
1241 3688 1316 3735 oum

151 3793 268 3843 aurora
287 3777 509 3860 llluoeseeret‚
541 3780 617 3845 steti
637 3779 671 3843 iu
692 3779 812 3843 ambitu
838 3779 995 3862 superiori
1016 3777 1150 3843 olsustri
1182 3776 1315 3839 fratrum

150 3881 268 3946 orontis
299 3880 409 3966 syon,
443 3893 475 3946 et
502 3885 628 3967 eonjeoi
659 3883 770 3949 oeulos
797 3883 956 3967 profunde
986 3881 1135 3946 deorsum
1157 3880 1316 3962 usquein

147 3985 266 4050 vallem
289 3987 480 4070 Gehinuoo3
513 3989 663 4072 pulsabat
688 3998 797 4053 autem
819 4008 871 4052 rue
899 3987 1112 4070 desiderium,
1143 3994 1180 4051 ut
1202 3984 1317 4049 eodem

48 4149 51 4157 .
151 4107 245 4154 naue
266 4091 497 4157 desoenderem
528 4102 593 4156 turo
616 4094 776 4178 profunde
796 4094 829 4157 in
850 4093 969 4158 vallem
991 4093 1113 4179 ipsam,
1146 4109 1317 4176 quousque

149 4204 289 4261 nentem
299 4195 392 4283 Syon
411 4197 524 4262 videre
545 4200 683 4283 amplius
705 4219 768 4264 non
788 4215 934 4282 possem,
955 4204 1048 4260 utet
1069 4197 1191 4260 fontem
1208 4194 1316 4278 Rogel

148 4315 346 4386 quaererem,
369 4311 402 4366 et
422 4302 562 4388 lapidem
583 4302 745 4399 Zoeleeh,
768 4302 810 4365 de
831 4305 948 4385 quibus
973 4302 1110 4366 liabetur
1129 4301 1151 4366 8
1170 4300 1253 4382 lleg.
1275 4301 1318 4380 1.,
