3202 5218
892 305 957 372 aab

347 495 513 558 turbarent
546 499 581 556 et
613 490 800 575 spoliarem.
844 491 920 556 Alia
948 508 1063 556 cauam
1098 509 1208 575 prope
1243 507 1349 574 aquas
1377 489 1445 554 illus
1466 501 1502 553 aa

344 617 411 662 uua
432 599 530 682 villa,
552 599 585 661 iu
608 617 673 681 qua
695 606 772 660 sunt
793 599 928 680 pessimi
962 596 1187 676 nonantule,
1224 597 1283 680 qui
1306 595 1379 660 dnm
1404 613 1458 660 uos
1472 597 1502 658 lbl

344 705 485 768 tentoria
518 705 632 767 fixisse
664 705 917 787 comperissent,
951 701 1061 766 multis
1087 701 1200 766 morlia
1231 702 1333 766 etiam
1365 703 1503 764 nocturnis

344 809 436 872 horis
454 827 516 873 uos
536 817 723 872 vexassent.
768 807 845 871 Alia
866 825 984 890 causa,
1014 808 1090 890 quia
1112 809 1174 868 via
1202 807 1340 890 publica
1359 815 1409 869 est
1434 806 1504 888 juxta

343 913 468 996 sontes,
502 933 562 997 per
591 932 687 997 quam
717 913 883 976 nocturnis
901 911 1001 988 ,hone
1033 921 1212 975 transeunt
1245 913 1504 994 negotiaturcecl

343 1017 524 1105 praedones
547 1019 675 1081 Arabes
695 1029 729 1084 et
750 1017 956 1100 Midianitae,
978 1019 1137 1101 aquibus
1161 1019 1242 1078 sine
1269 1018 1442 1079 vexatione
1459 1035 1505 1078 nou

343 1125 531 1194 fuissemus.
574 1125 656 1188 Cum
689 1142 768 1206 ergo
800 1123 936 1184 tentoria
959 1121 1161 1202 finissemus,
1188 1121 1423 1185 descendimus
1452 1139 1504 1184 cun

345 1231 501 1308 asinariis
523 1231 643 1294 uoslria
665 1227 706 1292 ad
729 1227 992 1308 locumiouiium
1015 1235 1047 1288 et
1063 1226 1259 1308 palmarum
1281 1237 1317 1290 et
1339 1234 1424 1288 utres
1442 1243 1506 1308 aqua

346 1333 546 1415 replevimus
568 1345 601 1398 et
621 1336 811 1418 amphorae,
845 1350 917 1395 curu
950 1331 1067 1416 quibua
1096 1332 1238 1394 asinarii
1277 1330 1506 1398 renovandorum

346 1436 388 1498 ad
410 1440 565 1522 tentoria3
588 1456 648 1502 uos
669 1423 859 1502 marusimne'
877 1437 910 1500 iu
932 1436 1003 1498 loun
1024 1436 1080 1499 illo
1100 1434 1298 1500 delectabili
1320 1444 1356 1499 ei
1384 1435 1504 1497 vestibus

345 1539 456 1604 nudati
478 1543 620 1606 balneati
641 1561 772 1625 surmus,
794 1543 871 1625 qula
892 1543 1042 1626 copiosas
1063 1559 1190 1625 aquas,
1215 1543 1329 1604 claras
1351 1549 1383 1603 el
1404 1539 1505 1622 tepidas

345 1643 495 1708 lavandis
517 1648 705 1729 corporibus
727 1653 819 1728 aptas
852 1648 1048 1729 reperimus,
1075 1645 1171 1728 juxta
1185 1645 1286 1731 'quas
1308 1648 1404 1710 etiarn
1434 1651 1503 1706 eruut

345 1749 477 1813 arbusta
498 1760 531 1813 et
553 1751 705 1835 virgulta,
728 1753 861 1834 iusuper
881 1771 983 1836 prope
1005 1759 1073 1814 erat
1094 1751 1185 1834 villa,
1212 1753 1248 1814 iu
1272 1768 1342 1834 qua
1363 1745 1504 1812 mullitudo

344 1852 524 1935 palmarum
546 1866 625 1920 erat.
669 1857 847 1942 Tempore,
871 1877 934 1941 quo
956 1857 1013 1920 lllii
1035 1856 1134 1918 lsrael
1155 1859 1192 1919 iu
1217 1856 1296 1920 lucc
1317 1858 1383 1918 islo
1400 1861 1503 1918 astra

344 1961 455 2023 metati
477 1971 569 2040 sunt,
590 1971 682 2026 erant
703 1962 748 2025 ibi
769 1963 834 2026 xli
865 1963 972 2026 latites
994 1971 1027 2024 et
1048 1961 1318 2044 LXlipalmae,
1341 1976 1427 2022 nuuc
1444 1973 1503 2018 uero

346 2083 411 2129 uun
433 2077 509 2129 aurrt
539 2068 686 2150 praeciae
708 2069 773 2132 xil
806 2069 931 2150 fautus,
963 2066 1023 2130 sed
1046 2066 1164 2128 multae
1193 2075 1277 2130 snut
1303 2067 1348 2156 ibi
1369 2079 1501 2147 aquamrn

349 2171 490 2234 vomites
512 2171 554 2235 (le
576 2174 672 2257 clivo,
695 2174 750 2257 qui
771 2171 914 2256 undique
933 2172 1033 2234 vonrit
1056 2189 1167 2256 aquas,
1191 2189 1258 2235 nec
1279 2153 1376 2235 LXX
1391 2168 1503 2253 palute,

345 2275 405 2338 sed
427 2277 527 2340 mullo
551 2278 678 2361 plureap
700 2287 806 2342 tamen
828 2260 919 2342 lutcus¹
939 2276 1022 2340 idem
1046 2285 1109 2338 eat.

430 2378 566 2463 Propter
586 2385 668 2446 istas
689 2355 1099 2466 exsuperantes⁹aquarurn
1122 2383 1269 2446 vomitos
1292 2375 1501 2463 imaginatione

344 2484 473 2565 poetica
493 2487 684 2570 suspicabar
704 2485 844 2570 aliquam
865 2487 1089 2570 Nympharum
1117 2486 1283 2550 celebrem
1311 2487 1414 2550 locum
1433 2481 1500 2542 huuc

345 2586 543 2674 reddidisse,
565 2609 638 2654 oum
661 2594 757 2658 eliam
780 2610 896 2669 unomen
918 2593 1079 2656 arabicum
1103 2591 1167 2654 loci
1188 2593 1270 2656 huic
1301 2576 1503 2672 imaginationi

274 2685 279 2691 ’
345 2693 498 2776 maistam
521 2681 743 2762 diciturenim
767 2696 1054 2770 locusllorinrlou.
1100 2696 1198 2760 Doris
1231 2707 1343 2762 autem
1366 2699 1432 2756 erat
1449 2683 1500 2748 biit

345 2798 493 2865 coellet
515 2803 650 2886 Vestae,
673 2803 792 2884 conjux
807 2800 932 2868 Oceani
954 2811 987 2864 et
1005 2805 1108 2864 mater
1129 2805 1272 2865 omnium
1285 2796 1497 2883 Nympharum·

344 2903 409 2970 Cui
430 2915 537 2988 aulem
549 2907 722 2993 Nymphae
744 2909 796 2972 lric
817 2906 1093 2971 loona.de‹licatus
1109 2907 1309 2989 sit,'iguoro,
1329 2906 1390 2966 hoc
1410 2906 1513 2960 lamet

280 3044 283 3052 v
303 2999 305 3004 ¹
344 3011 403 3096 pr'o
424 3021 515 3077 cerlo
535 3015 615 3096 scio,
631 3014 716 3099 quod
738 3015 957 3076 snrrctillcatus
977 3011 1069 3074 locus
1084 3011 1138 3074 hic
1154 2998 1213 3073 init
1232 3021 1333 3076 nexta
1354 3002 1497 3070 mauultl!e

343 3117 480 3182 illiorum
503 3119 605 3183 lsrael
626 3119 667 3183 ab
700 3120 789 3182 exitu
818 3099 859 3182 tle
877 3119 1027 3200 segma,
1061 3125 1095 3178 ut
1116 3117 1254 3178 babetur
1284 3107 1389 3178 Exodi
1414 3103 1497 3179 Μ

342 3220 514 3284 Numeror.
537 3223 589 3287 33.
633 3221 716 3288 Cum
738 3242 855 3306 magua
877 3238 955 3305 ergo
976 3223 1179 3284 recreatione
1199 3222 1288 3285 ultra
1308 3219 1390 3282 duaa
1417 3211 1494 3273 11⁰¹ss

203 3407 205 3412 Ι
291 3316 295 3326 '
333 3325 440 3417 'juxta'
456 3344 559 3409 aquas
585 3324 675 3389 illas·
694 3329 870 3396 mtrreimus
891 3336 923 3389 et
944 3328 988 3389 ibi
1011 3327 1149 3388 bibimus
1178 3325 1321 3391 lavimus
1343 3329 1376 3386 et
1397 3335 1416 3379 a
1434 3325 1496 3374 uer·

343 3421 450 3491 mlbr'rs
481 3446 543 3491 nus
563 3429 798 3502 mundavimus.¹
842 3433 970 3492 interea
1003 3429 1131 3512 aliquae
1153 3429 1283 3513 praellae
1316 3417 1493 3492 Medianum

343 3535 425 3598 satie
447 3534 608 3626 formosae
628 3551 706 3598 cum·
724 3536 894 3619 pecoribus
908 3544 1066 3598 venerunt
1088 3535 1260 3619 adaquas,
1278 3551 1364 3620 quae
1385 3521 1493 3590 arabant

343 3625 386 3705 an
407 3641 589 3724 aliaparte
624 3656 779 3724 aquarum
801 3647 834 3701 et
856 3641 1070 3722 mirabantur,
1099 3641 1338 3722 respiciebant,
1368 3625 1503 3722 ridebtti

295 3769 296 3772 ¹
344 3757 377 3810 et
407 3745 645 3830 quodammodo
674 3746 897 3830 precabantur.
940 3745 1017 3808 Non
1051 3745 1219 3814 immernor
1233 3745 1295 3809 lul
1326 3742 1371 3806 ibi
1401 3740 1492 3796 parum

336 3853 521 3935 ⁸petulantia
540 3853 628 3915 illius
659 3853 760 3916 scorti
787 3837 987 3914 Madiarritae
1012 3848 1172 3928 mulieris,
1204 3841 1245 3912 orl
1266 3866 1362 3934 quarn
1383 3831 1491 3924 quintu

268 3953 271 3961 '
341 3954 383 4018 de
404 3954 480 4020 liliis
514 3955 613 4018 lsrael
627 3957 803 4039 ingressus
832 3948 1110 4038 vidente‘nloyso
1134 3963 1169 4016 et
1198 3957 1285 4018 omui
1310 3935 1492 4037 pupu107⁰t

341 4056 383 4122 de
403 4061 479 4150 nelo
498 4058 656 4141 Piuelrae,
690 4057 849 4145 quomodo
864 4060 966 4148 'ambo
986 4057 1021 4120 iu
1040 4059 1122 4122 locis
1145 4049 1342 4141 genitalibus
1370 4047 1491 4137 pugio&

286 4239 289 4244 y
341 4163 482 4250 perfodit
503 4172 536 4227 et
568 4162 655 4247 quod
681 4171 812 4246 propter
839 4164 901 4232 hoc
930 4156 1047 4248 XXlV
1078 4163 1177 4226 millia
1208 4164 1370 4259 hominum
1401 4144 1490 4215 occis·

242 4301 247 4312 ·
343 4270 472 4334 luerunt
498 4269 532 4332 in
566 4267 695 4332 uesano
728 4265 878 4352 Calbim,
911 4266 1045 4332 Numer.
1067 4267 1119 4332 25.
1163 4265 1364 4351 Quapropter
1396 4259 1490 4320 ΨΜ

342 4379 429 4440 risus
449 4383 485 4438 et
513 4373 609 4457 jocus
642 4370 754 4462 horror
780 4375 874 4469 nobis
898 4373 974 4458 inlr,
1006 4389 1068 4438 uec
1095 4373 1248 4457 lecimus,
1283 4369 1377 4438 acal
1407 4360 1489 4425 rim
