3240 5222
288 467 467 550 dlspliouit,
488 463 774 528 dissimulaverunt
796 471 920 545 umen,
952 461 1043 544 ideo,
1070 461 1157 547 quotl
1178 463 1241 528 nisi
1263 479 1304 524 eo
1325 460 1457 526 volente

287 571 442 636 victualia
461 587 483 630 a
503 568 591 649 'l'yre
610 569 724 631 venire
746 585 811 630 non
832 575 991 650 poterent.

371 677 447 756 lpse
467 680 636 754 praetereo
657 679 820 753 tamquam
853 673 903 734 vir
924 679 1052 734 astutus
1073 670 1230 754 quosdam
1258 670 1299 733 tle
1323 671 1457 751 majori-

286 780 348 842 bus
381 777 474 841 donis
506 788 539 841 et
571 777 757 839 muneribus
785 776 886 839 adse
915 775 1129 858 inelinayeret
1161 795 1219 856 pro
1245 774 1366 838 anxilio
1393 774 1456 838 sibi

287 879 481 966 praestando
508 881 541 944 in
573 881 634 944 hoo
667 883 807 962 negotio.
854 881 936 944 Post
962 888 1180 961 ooeupaveret
1208 880 1305 942 etiam
1334 883 1456 961 'l'yrom

287 988 451 1050 civitatem
474 985 530 1048 ille
551 983 721 1048 conradus
742 969 886 1049 marchio
912 994 945 1047 et
972 990 1089 1067 potens
1107 991 1176 1045 eret
1199 991 1231 1045 ot
1254 983 1455 1062 nominatus;

286 1092 362 1174 qnia
383 1089 570 1152 Saladinnm
593 1106 666 1151 enm
700 1091 845 1152 exereitn
866 1105 927 1151 sno
948 1105 969 1151 a
989 1088 1067 1171 Tyri
1089 1086 1256 1150 obsidione
1284 1086 1456 1169 repulerat,

285 1195 359 1258 ideo
380 1213 453 1256 enm
475 1191 641 1256 offendere
662 1211 758 1255 nemo
779 1193 927 1256 audebat.
957 1193 1085 1254 lnterea
1106 1209 1179 1254 oum
1202 1192 1365 1254 exereitus
1385 1190 1457 1252 Do-

286 1299 364 1364 mini
385 1297 427 1360 ad
448 1296 646 1361 obsidionem
664 1295 848 1359 Jerusalem
871 1297 1110 1378 disponeretur,
1132 1294 1196 1358 (luo
1216 1297 1273 1358 isti
1294 1297 1456 1378 potentis-

286 1406 361 1469 simi
381 1420 488 1484 reges,
507 1401 677 1482 Philippus
696 1419 755 1462 rex
774 1400 971 1464 Francorum
995 1408 1031 1462 et
1049 1398 1232 1463 llielrardns
1253 1418 1311 1463 rex
1325 1398 1456 1480 Anglo-

286 1526 367 1589 mro,
392 1506 524 1587 junotos
544 1504 671 1568 seilicet
701 1505 863 1567 exereitus
885 1505 1048 1568 habebant
1078 1501 1189 1584 (288
1198 1504 1264 1585 Δ).
1307 1502 1458 1566 Audiens

288 1619 397 1675 autem
418 1608 593 1672 Selemnos
626 1608 799 1671 adventum
831 1609 912 1670 tanti
934 1610 1113 1689 exereitus,
1143 1607 1300 1690 cogitavit
1321 1602 1462 1670 reddere
1528 1672 1532 1680 ,

288 1714 483 1779 Christlanis
503 1713 686 1778 Jerusalem
727 1721 759 1774 et
790 1713 919 1774 nuntios
941 1711 982 1774 ad
1011 1729 1107 1794 reges
1135 1713 1220 1775 misit
1247 1711 1289 1774 atl
1316 1727 1455 1774 oonoor·

289 1818 395 1883 tlantlo
415 1819 556 1900 negotia.
591 1821 665 1882 Hoo
686 1817 805 1881 auditis
827 1815 952 1880 duobus
974 1817 1117 1898 regibus,
1139 1817 1261 1898 ambos,
1282 1824 1320 1878 ut
1341 1811 1456 1878 verum

288 1923 403 2006 dieam,
425 1921 572 1986 diabolus
593 1921 751 2004 possedit,
769 1929 802 1982 et
818 1929 954 2004 uterque
975 1928 1043 1982 toto
1065 1921 1138 1982 nisu
1160 1919 1298 1982 alterum
1319 1919 1456 2002 praeire,

288 2028 381 2092 alteri
402 2029 548 2109 superior
568 2026 639 2088 lieri
660 2026 852 2105 ponebatur,
885 2033 922 2087 ut
938 2043 1002 2096 ¹ren
1022 2023 1207 2088 Jerusalem
1229 2024 1300 2086 lieri
1330 2030 1453 2105 posset.

286 2133 330 2196 Et
352 2134 439 2196 seete
467 2131 528 2195 fuit
559 2131 722 2193 exereitus
753 2129 887 2211 divisio,
917 2137 950 2190 et
975 2127 1081 2192 ellnsa
1102 2138 1154 2191 est
1181 2130 1264 2192 inter
1291 2127 1454 2210 principes

287 2238 452 2300 eontentio
479 2235 520 2298 tle
546 2253 643 2298 saero
673 2235 853 2317 principatu
889 2233 1171 2317 Jerosolymitano.
1216 2235 1338 2296 Vernm
1378 2249 1454 2294 enta

286 2344 337 2404 sio
359 2340 400 2402 tle
418 2341 601 2423 prinoipatn
622 2337 875 2421 contenderunt,
895 2338 1065 2421 Philippus
1085 2358 1144 2402 rex
1164 2338 1324 2400 Franoiae
1344 2335 1455 2418 indig-

287 2449 385 2508 natus
405 2444 517 2506 relioto
539 2445 668 2524 negotio
700 2460 773 2505 eum
795 2444 880 2504 omni
902 2461 962 2505 sno
990 2444 1133 2506 exercitu
1161 2445 1195 2504 in
1216 2442 1376 2523 Europam
1398 2457 1454 2501 re·

287 2566 405 2613 versus
425 2555 485 2610 est.
515 2546 565 2609 Ex
587 2565 651 2627 quo
672 2547 769 2609 etiam
792 2565 850 2608 rex
871 2546 1029 2610 Frartoioe
1050 2566 1177 2631 semper
1197 2548 1300 2608 astitit
1322 2544 1454 2626 regibus

285 2652 468 2718 Jerusalem
496 2667 618 2733 eosque
646 2653 681 2712 in
709 2667 809 2732 reguo
831 2652 960 2714 retinnit
981 2657 1016 2714 et
1043 2651 1266 2732 conservavit,
1289 2649 1356 2730 (ot)
1377 2647 1455 2728 ‹lig-

287 2777 364 2820 num
386 2757 592 2839 aestimabat,
623 2765 659 2818 nt
683 2755 750 2836 jam
769 2756 859 2837 regia
890 2756 991 2838 stirpe
1012 2758 1174 2821 exstincta
1203 2754 1245 2817 etl
1267 2773 1339 2816 enm
1362 2751 1455 2834 regni

287 2861 374 2926 illins
404 2861 517 2924 titulus
549 2863 733 2944 pertineret.
784 2860 852 2924 Sed
877 2879 950 2923 oum
978 2860 1121 2942 videret,
1155 2862 1218 2924 hoe
1248 2857 1345 2922 salva
1371 2873 1453 2940 paee

288 2987 353 3032 uon
397 2984 499 3051 posse
544 2965 631 3048 lieri,
671 2983 745 3028 enm
785 2967 834 3028 ire
866 2967 1011 3028 recessit.
1064 2964 1211 3028 Audiens
1246 2971 1356 3027 antem
1388 2961 1455 3024 Sa-

287 3071 417 3136 latlinns
462 3073 639 3134 exereitum
671 3068 930 3133 Christianorum
968 3049 1158 3133 diminutum
1190 3088 1248 3151 per
1288 3083 1452 3130 reoessnrn

287 3175 376 3255 regis
397 3173 565 3255 l'ranoiae,
588 3176 629 3236 ab
649 3173 827 3236 intentione
847 3173 1038 3237 restituendi
1062 3173 1258 3238 Christianis
1267 3169 1450 3234 Jerusalem

287 3277 412 3339 destitit
448 3285 482 3338 et
512 3278 616 3358 ipsam
639 3275 803 3339 civitatem
835 3285 979 3338 sonutam
1013 3279 1165 3360 munivit,
1197 3287 1229 3341 et
1257 3275 1449 3359 praesidinm

288 3379 423 3442 militnm
451 3380 551 3441 inea
582 3377 761 3441 oollooavit.
804 3381 934 3442 Interea
966 3381 1150 3445 lliolrardus
1171 3400 1229 3444 rex
1254 3378 1397 3462 Angliae
1417 3378 1451 3440 in

287 3483 386 3567 Syrte
406 3483 524 3545 mansit
559 3488 593 3543 et
616 3487 752 3550 strenue
772 3493 963 3571 prosecutus
984 3496 1036 3550 est
1056 3487 1174 3551 bellum
1196 3493 1308 3549 eontra
1334 3483 1451 3546 Sarra·

287 3606 397 3653 oenos.

369 3692 471 3756 Porro
492 3710 576 3755 enno
597 3691 726 3754 Domini
746 3691 946 3758 mcxcvtl.
974 3705 1206 3777 perseverante
1234 3691 1397 3774 lliolrartlo
1416 3693 1450 3752 ln

287 3795 385 3880 Syria
414 3795 522 3861 Guitlo
557 3795 766 3880 nustgoenus
791 3816 850 3861 rex
869 3798 1051 3864 Jerusalem
1073 3801 1293 3882 superioribus
1314 3797 1451 3860 anniso

286 3899 442 3964 Saladino
462 3899 591 3982 pulsus,
614 3901 752 3964 hominis
773 3905 925 3966 virtutem
947 3915 980 3966 et
1006 3905 1299 3987 magnanimitatem
1321 3900 1449 3979 videns,

287 4004 400 4068 obtulit
421 4005 451 4067 ei
480 4004 590 4068 titulos
622 4013 654 4068 et
671 4004 746 4086 jura
780 4011 873 4090 regul
893 4008 1186 4091 Jerosolymornm,
1221 4015 1257 4070 nt
1285 4006 1358 4088 ipse
1386 4004 1450 4066 sibi

287 4106 431 4191 Cyprum
459 4109 613 4192 insulam,
641 4127 738 4191 qnam
758 4110 944 4174 lliehordua
976 4110 1114 4176 Greeois
1152 4110 1347 4190 abstulerat,
1370 4123 1450 4190 pos·

287 4212 453 4275 sidentlam
477 4212 579 4278 daret.
619 4212 694 4275 lloo
715 4222 821 4275 antem
843 4213 1029 4281 lliolrardns
1048 4215 1190 4299 Angliae
1210 4233 1269 4278 rex
1299 4212 1449 4276 libentis·

285 4317 368 4381 sime
389 4317 468 4382 feeit
494 4324 530 4379 et
549 4317 653 4401 ipsum
684 4315 867 4382 (luidonem
893 4335 1004 4402 regern
1026 4317 1128 4402 Cypri
1149 4320 1246 4403 feeit,
1278 4321 1349 4401 ipse
1369 4331 1449 4379 vero
