3240 5222
897 237 961 305 348

335 424 524 508 Sapientiae
554 423 609 488 az
642 419 775 487 Nullum
813 427 939 506 pratum
972 420 1015 484 ait
1027 464 1038 503 ,
1079 417 1165 504 quod
1204 437 1267 482 non
1306 428 1510 502 pertranseat

338 528 466 592 luxuria
494 535 617 596 nostra.
657 526 715 591 Sic
745 543 823 610 ergo
844 527 877 589 in
900 527 963 590 boc
983 543 1084 609 specu
1105 524 1211 588 Adam
1233 533 1266 587 et
1286 526 1360 588 ilva
1381 531 1512 607 praeter

332 633 418 698 Cain
439 643 473 698 et
493 631 578 695 Abel
599 638 631 693 et
653 630 746 713 Seth,
763 648 847 713 quos
869 631 1038 712 Scriptura
1058 637 1295 713 commemorat,
1317 629 1512 692 allosXXX

333 757 478 823 genuere
508 735 604 805 illios.
647 734 836 798 Methodius
862 753 942 797 vero
969 742 1092 816 martyr
1122 741 1251 796 cantum
1272 751 1331 796 ecs
1350 736 1511 816 genuisse

335 849 564 907 commemorat
585 839 669 903 lilios
690 841 724 902 in
745 840 808 903 boo
829 848 932 922 antro,
954 839 1040 921 quod
1062 838 1155 921 qnasi
1176 857 1235 921 pro
1255 836 1331 900 nido
1346 837 1511 920 pnllilica-

334 947 431 1010 tionis
460 945 647 1028 elegerant,
683 944 847 1026 indignam
879 952 913 1006 et
947 945 1153 1006 inhonestam
1188 943 1417 1025 aestimantes,
1456 943 1511 1006 lris

336 1068 458 1114 vacare
478 1050 513 1112 in
543 1049 626 1112 locis
647 1048 786 1131 publicis
810 1054 845 1109 et
867 1049 1046 1110 communis
1064 1047 1288 1129 habitationis3
1321 1047 1365 1110 [tt
1388 1065 1510 1129 magno

335 1155 443 1219 studio
476 1151 693 1218 obsonatum
724 1152 829 1217 locum
851 1151 955 1232 illum,
984 1169 1025 1213 nc
1047 1159 1165 1234 patens
1189 1151 1281 1215 fleret
1313 1161 1346 1214 et
1367 1171 1409 1215 ne
1433 1154 1509 1237 quis

336 1276 508 1322 accessam
531 1277 639 1321 eornm
662 1258 779 1341 quovis
800 1257 895 1321 modo
916 1259 1084 1341 percipere
1102 1266 1223 1341 posset.

425 1386 603 1467 Perspecto
630 1383 728 1466 igitur
755 1394 847 1447 antro
868 1384 1014 1466 praelato
1042 1384 1168 1466 egressi
1193 1397 1314 1444 sumus·
1334 1390 1366 1444 et
1397 1381 1438 1444 ab
1468 1403 1508 1446 eo

334 1487 369 1550 in
399 1486 486 1551 clivo
515 1490 707 1572 gyravimus
736 1499 848 1552 contra
869 1489 1050 1571 aquilonem
1076 1497 1110 1551 et
1140 1507 1213 1551 cum
1244 1487 1307 1552 hoc
1328 1487 1426 1550 altius
1449 1505 1509 1550 as-

335 1587 504 1654 cendimus
536 1602 674 1657 montem
707 1603 740 1657 et
766 1595 800 1678 in
831 1593 926 1656 aliam
956 1593 1144 1676 speluncam
1172 1611 1237 1657 non
1258 1591 1416 1655 modicam
1447 1591 1508 1655 sed

333 1697 415 1770 satis
436 1697 576 1778 amplam
601 1701 761 1762 venimus.
805 1699 843 1762 ln
864 1699 927 1763 hac
958 1715 1101 1760 caverna
1121 1696 1228 1761 Adam
1253 1707 1286 1761 ct
1316 1699 1389 1760 Eva
1409 1696 1508 1760 luxe-

335 1807 411 1862 runt
443 1810 572 1865 centnm
603 1805 698 1866 annis
720 1803 819 1867 fllium
839 1821 933 1866 suum
954 1801 1038 1865 Abel
1063 1803 1270 1865 interfectum
1298 1801 1441 1884 aCain,
1474 1810 1508 1864 et

332 1903 431 1968 hodie
452 1916 627 1970 cernuntur
647 1907 719 1972 loca
738 1908 899 1971 sessionis
920 1906 1137 1989 singulorum,
1170 1915 1202 1969 ot
1229 1907 1302 1970 fons
1329 1908 1363 1970 io
1391 1905 1506 1969 eadem

319 2017 434 2094 'specu
456 2013 602 2097 scaturit,
625 2012 665 2076 dc
686 2032 750 2097 qno
772 2012 930 2075 biberunt.
972 2012 1038 2074 Hic
1057 2027 1178 2092 specus
1196 2009 1270 2074 ideo
1286 2009 1405 2075 dicitur
1425 2029 1506 2093 spe-

240 2163 243 2170 ,
334 2127 396 2177 cua
417 2115 559 2179 fletuum.
613 2120 687 2181 Hoc
707 2135 808 2202 specu
829 2117 903 2180 viso
932 2115 974 2179 de
996 2124 1103 2178 monte
1125 2114 1353 2179 descendimus
1373 2117 1408 2177 iu
1427 2116 1504 2178 nal-

332 2218 396 2281 lem
429 2229 619 2303 angustam,
653 2240 748 2306 qnam
781 2223 946 2284 nominant
977 2219 1096 2282 vallem
1129 2220 1341 2284 lacrimarum.
1385 2220 1507 2284 Dicunt

332 2323 438 2405 enim,
466 2323 554 2408 quod
575 2326 679 2389 Adam
706 2337 740 2389 et
760 2327 834 2388 Eva
856 2325 1069 2389 communiter
1088 2325 1122 2388 in
1143 2326 1205 2390 hac
1225 2324 1312 2388 valle
1334 2327 1505 2389 moraban-

333 2432 385 2487 tur
402 2435 437 2487 et
458 2425 632 2509 nongintos
654 2436 685 2489 ct
710 2428 807 2492 XXX
831 2446 934 2492 annos
956 2431 988 2492 in
1011 2447 1050 2491 ea
1070 2430 1221 2493 vixerunt
1242 2438 1276 2492 et
1290 2432 1384 2492 ambo
1400 2446 1505 2492 cunc-

332 2529 375 2592 tis
403 2529 517 2594 diebus
546 2539 676 2614 propter
703 2533 941 2596 inobedientiae
962 2544 1082 2597 rentum
1105 2543 1136 2596 et
1159 2534 1298 2617 paradisi
1319 2533 1506 2596 ammissio-

332 2651 406 2698 nem
439 2644 472 2698 et
498 2637 643 2720 justitiae
674 2638 840 2722 originalis
872 2637 1080 2721 perditionem
1120 2648 1153 2702 et
1187 2639 1387 2723 posteritatis
1423 2655 1505 2700 suae

331 2739 569 2806 damnationem
599 2744 769 2806 maximam
800 2754 833 2806 et
863 2742 1066 2806 durissimam
1100 2751 1236 2827 egerunt
1264 2745 1299 2806 in
1331 2741 1418 2806 valla
1438 2743 1505 2805 bac

331 2848 574 2928 poenitentiam.
627 2843 731 2923 Quam
762 2849 802 2912 cb
833 2867 901 2911 rem
932 2868 996 2912 non
1025 2847 1128 2911 solum
1157 2847 1219 2910 Dei
1249 2846 1502 2910 misericordiam

332 2955 501 3016 consecuti
527 2958 621 3034 sunt,
653 2951 712 3015 sed
735 2953 832 3016 etiam
854 2953 1042 3037 prophetiae
1064 2953 1179 3016 donum
1202 2955 1352 3036 accipere
1373 2971 1503 3014 merue-

332 3065 422 3137 runt,
444 3057 584 3121 undeet
606 3056 648 3119 de
669 3055 792 3119 Christi
814 3057 1038 3141 ecclesiaeque
1059 3057 1294 3141 conjunctione,
1317 3056 1358 3120 de
1380 3055 1502 3120 diluvic

331 3157 438 3224 futuro
461 3169 493 3222 et
514 3160 556 3225 de
581 3159 731 3223 incendio
752 3162 934 3243 perignem
955 3161 1069 3243 judicii
1090 3162 1190 3226 multa
1210 3161 1438 3246 praedixerunt
1459 3161 1504 3224 ti-

331 3261 418 3325 beris
451 3265 521 3326 suis
549 3265 660 3347 ibique
681 3265 794 3327 mortni
815 3274 891 3328 sunt
929 3274 961 3328 et
992 3267 1025 3329 in
1047 3267 1235 3350 speluncam
1258 3265 1417 3350 duplicem
1439 3263 1504 3328 de-

329 3368 464 3449 portati,
488 3377 524 3431 ut
552 3369 683 3451 patebit.
727 3370 765 3432 ln
794 3368 857 3432 bac
885 3367 973 3432 vallo
1000 3379 1051 3434 est
1074 3371 1281 3455 sepulchrum
1302 3371 1409 3450 Loth,
1442 3370 1503 3435 dlii

331 3471 443 3535 fratris
467 3471 631 3539 Abrahae.

416 3741 475 3818 De
504 3743 680 3846 spelunca
713 3744 869 3846 duplici,
908 3773 1012 3847 qnam
1049 3745 1135 3823 emit
1162 3717 1346 3823 Abraham
1377 3746 1414 3820 in

667 3866 887 3968 sepulturam
912 3867 981 3944 sibi
1006 3882 1044 3946 et
1066 3866 1154 3941 suis.

411 4073 463 4135 De
483 4074 572 4138 valle
592 4077 655 4139 hac
677 4078 879 4142 lacrimarum
900 4075 1106 4141 ascendimus
1127 4081 1351 4144 et-civltatem
1364 4077 1499 4140 Hebron

327 4177 501 4262 reingressi
531 4196 644 4243 sumus
674 4191 707 4244 ct
734 4193 811 4246 ante
831 4181 958 4245 domum
991 4183 1148 4263 praelecti
1169 4187 1316 4250 civitatis
1336 4183 1499 4264 stetimus,

323 4282 419 4365 juxta
446 4277 541 4368 qna'm
569 4287 664 4349 etiam
695 4287 785 4350 multi
815 4287 987 4350 sarraceni
1016 4305 1115 4352 senes
1135 4291 1308 4355 consiliarii
1330 4287 1498 4352 sedebant.
