3202 5218
170 457 229 532 lie
249 453 559 558 periculosissima
578 455 760 532 erratione
785 465 824 530 et
846 454 1054 531 deviatione
1073 453 1343 555 peregrinorum

401 575 536 653 tertiae
561 575 752 652 societatis
777 601 846 677 per
870 573 1111 652 solitudinem.

253 757 479 834 Processimus
501 759 579 844 ergo
601 779 659 843 per
681 775 836 824 arenmoe
856 767 890 824 et
916 758 1093 822 latissimos
1120 773 1264 840 campos,
1286 775 1344 840 par

170 863 312 948 quosS.
328 866 467 948 ntoysae
488 881 560 928 eum
583 867 736 930 universo
753 863 871 948 populo
891 862 994 926 isreel
1015 862 1057 927 de
1072 862 1226 946 Aegypto
1247 880 1344 945 agre-

174 970 268 1032 diens
295 970 417 1032 ornari
445 971 540 1032 rubro
559 969 708 1034 ascendit
737 979 769 1032 et
800 969 880 1033 lrera
906 967 1110 1051 tempestivo,
1131 966 1207 1030 dnm
1238 967 1344 1032 adium

35 1081 37 1112 ⁵
170 1073 305 1141 multum
327 1074 391 1138 diei
412 1084 610 1158 superesset,
627 1077 661 1139 iu
683 1074 821 1158 quadam
844 1073 926 1156 loeo,
948 1073 1034 1138 dioto
1056 1072 1261 1154 Wardaclrii,
1283 1075 1343 1135 be-

139 1180 252 1242 .stias
275 1189 550 1264 exoneraverant,
571 1180 657 1264 quood
688 1180 783 1244 nobis
805 1178 987 1262 displicuit,
1014 1179 1091 1264 qnia
1119 1178 1344 1242 festinavimus

35 1309 36 1318 ¹
171 1285 284 1346 venire
303 1284 543 1348 Alexandriam.
586 1283 657 1348 Sed
687 1285 789 1348 nostri
819 1283 971 1349 ductores
1007 1286 1069 1349 hoc
1090 1302 1154 1348 nou
1175 1283 1343 1364 curabam,

170 1391 247 1472 quia
265 1399 341 1454 ante
371 1390 452 1454 solie
474 1407 626 1454 occasum
658 1389 796 1454 dormire
817 1398 850 1452 et
871 1391 1042 1472 quiescere
1062 1387 1287 1474 intendebant,
1309 1395 1345 1454 ut

171 1511 229 1576 per
260 1503 389 1560 noctem
420 1494 558 1577 vigilare
588 1503 624 1556 et
655 1496 854 1560 insolescere
886 1501 1020 1578 possent
1044 1493 1139 1575 juxta
1171 1494 1264 1558 ritum
1292 1493 1344 1556 sni

170 1598 295 1662 inutilis
313 1598 439 1680 jejunii.
483 1598 568 1662 lium
597 1617 675 1683 ergo
695 1602 730 1663 in
759 1599 832 1662 loco
854 1599 910 1662 iilo
931 1599 1069 1662 tentoria
1099 1606 1212 1660 nostra
1242 1596 1344 1679 figere

170 1700 341 1786 vellemne,
362 1701 448 1766 clavi
469 1689 580 1786 lignei,
601 1704 717 1787 quibus
741 1704 837 1766 iuuea
858 1702 1091 1786 alligabantur,
1112 1721 1176 1765 non
1196 1711 1345 1784 poteraut

173 1815 285 1870 tenere
305 1817 436 1891 propter
457 1816 587 1870 tenuem
611 1826 752 1890 arenam,
765 1809 797 1870 in
819 1826 914 1890 qnam
935 1826 1000 1872 uon
1015 1807 1148 1870 firmiter
1162 1805 1345 1889 infigeban-

172 1920 233 1992 tur,
255 1919 379 1975 etcum
403 1912 465 1975 lnce
482 1929 605 1994 paucos
626 1911 732 1976 adhuc
752 1912 845 1994 palos
866 1913 1047 1995 bannimus,
1062 1909 1344 1995 aliisperdesar·

172 2025 239 2084 tum
261 2017 401 2082 enimn.
428 2016 582 2082 Sedimns
602 2033 680 2100 ergo
702 2017 734 2080 iu
756 2017 865 2080 calore
879 2016 959 2080 solis
979 2020 1014 2082 in
1034 2019 1137 2080 arenti
1150 2034 1248 2080 arana
1268 2032 1343 2078 cunr

170 2123 370 2207 impatientia
390 2131 422 2184 et
444 2139 606 2184 marmure
627 2129 739 2186 eontra
759 2120 910 2186 drretoree
930 2131 1067 2186 nostros.
1107 2121 1208 2186 Porro
1229 2138 1250 2184 a
1270 2119 1343 2182 laea

171 2227 226 2292 illo
251 2226 393 2292 vidimus
424 2228 508 2290 inter
526 2243 587 2290 nos
618 2235 651 2289 et
672 2245 760 2290 mare
784 2228 914 2292 rubrum
945 2226 1091 2292 cumulos
1119 2243 1287 2290 arenarum
1309 2230 1344 2286 et

171 2330 364 2396 monticulos
385 2340 419 2395 et
432 2350 491 2413 per
507 2330 647 2394 medium
662 2329 788 2395 illomm
805 2329 945 2396 discreta
960 2332 1100 2398 vidimus
1114 2350 1202 2395 mare
1214 2330 1343 2394 nitrum

171 2448 205 2500 et
225 2438 400 2524 videbatur,
416 2438 528 2519 nobis,
549 2436 635 2519 qnod
656 2438 715 2500 vix
735 2455 794 2520 per
819 2437 956 2502 milliare
975 2438 1116 2502 italicum
1137 2455 1158 2500 a
1177 2435 1271 2500 nobis
1290 2432 1345 2495 di-

30 2523 32 2560 r
172 2550 284 2606 staret.
327 2542 422 2608 Unus
453 2560 531 2630 crgo
559 2541 600 2606 de
631 2542 785 2631 militibus
806 2540 883 2620 (67
893 2550 938 2622 a)
959 2545 1074 2614 tertiae
1106 2541 1290 2618 societatis,
1310 2536 1344 2600 ia

173 2664 238 2728 qua
256 2665 318 2730 ego
339 2648 396 2730 fui,
418 2645 513 2714 dixitt
535 2657 571 2709 ut
591 2647 669 2730 quid
689 2649 744 2714 hic
764 2647 918 2712 sedantes
941 2650 976 2712 in
996 2647 1111 2713 ardore
1128 2646 1210 2711 solis
1231 2637 1345 2708 tab*

30 2729 31 2742 ἶ
173 2752 277 2814 cimus
313 2759 346 2814 et
377 2752 509 2832 ignavia
528 2750 735 2818 marcemus?
755 2753 854 2836 Fece,
881 2755 931 2818 iti
961 2760 1015 2816 est
1041 2771 1132 2816 mere
1158 2752 1287 2816 rutrum
1310 2758 1345 2812 et
1406 2811 1411 2822 ,

64 2941 71 2953 .
173 2855 306 2920 multam
327 2863 477 2938 superest
508 2854 572 2918 diei
579 2874 591 2937 ;
613 2855 852 2922 descendamus
873 2875 997 2941 quaeso
1027 2856 1069 2922 ed
1089 2852 1343 2940 refrigerandum

174 2979 235 3026 nos
255 2970 288 3023 et
308 2960 350 3024 ed
372 2959 593 3024 deducendum
616 2968 755 3044 tempos.
781 2963 859 3026 Hoc
877 2964 991 3028 dicem
1013 2980 1108 3025 nemo
1122 2961 1187 3029 sibi
1206 2975 1344 3041 respon·

173 3063 219 3128 dit
248 3073 281 3128 et
311 3063 449 3128 addidit:
469 3083 534 3128 nou
565 3073 660 3149 sunt,
683 3067 802 3152 inquit,
823 3067 938 3131 iidaies
962 3068 1053 3131 socii
1084 3067 1168 3130 luter
1188 3080 1266 3145 vce,
1288 3062 1344 3144 qui

173 3167 315 3232 audeant
336 3168 378 3232 ad
400 3169 557 3232 tantillum
579 3171 718 3254 epatium
740 3191 865 3236 mecum
877 3171 1039 3256 prclieieci
1059 3190 1117 3255 pro
1137 3187 1199 3234 ena
1218 3176 1252 3230 et
1273 3174 1361 3230 mea'

173 3271 400 3340 recreationel
415 3283 549 3357 paratam
563 3293 625 3359 ego
640 3293 746 3340 asem
761 3278 843 3341 inire
855 3278 974 3342 balium
994 3295 1053 3361 pro
1064 3277 1170 3358 vobis,
1183 3284 1216 3338 et
1237 3271 1346 3336 nullae

173 3381 244 3444 urolt
265 3397 389 3444 mecum
416 3383 465 3445 ire
486 3380 527 3445 ad
549 3379 725 3446 burrenml
754 3381 840 3462 Quid
867 3379 1070 3448 scammatis?
1099 3379 1178 3467 qnid
1198 3371 1344 3442 timetis‘l

172 3483 322 3568 Cumque
343 3485 524 3553 dicerem
546 3488 619 3570 eibi,
642 3486 728 3570 quod
751 3486 887 3552 Calinus
911 3507 975 3552 uon
996 3488 1171 3553 dimitteret
1190 3501 1261 3566 nce,
1283 3481 1347 3546 nisi

172 3589 256 3653 aliae
278 3588 361 3651 duae
381 3589 556 3652 societates
586 3592 685 3654 etiam
713 3593 881 3654 achisama
909 3591 1160 3667 descenderent,
1181 3588 1283 3650 irrisit
1313 3593 1347 3650 et
1465 3617 1471 3632 ·

171 3692 392 3758 infidelitatem
424 3700 459 3756 et
490 3691 788 3756 formidolositatem
828 3693 937 3756 moitis
968 3694 1081 3756 verbis
1117 3690 1347 3774 improperavit

173 3797 268 3861 nobis
288 3799 322 3860 in
344 3797 472 3860 inelem-
502 3795 557 3860 Ad
577 3797 660 3862 haec
680 3813 753 3858 cunt
773 3795 995 3880 indignatione
1014 3800 1212 3866 maianus
1233 3809 1347 3860 aercae

172 3900 214 3966 de
235 3905 330 3968 tertia
352 3903 525 3983 societate,
547 3902 581 3964 in
603 3917 668 3984 qna
688 3899 760 3964 sola
777 3901 859 3966 haec
879 3904 1079 3984 gerenonem
1103 3914 1137 3968 at
1157 3901 1347 3968 russumtie

171 4008 273 4070 amnis
302 4007 399 4072 mmul
430 4008 473 4072 ad
502 4025 592 4072 mare
617 4005 817 4072 descendere
845 4007 1035 4091 incepimus.
1077 4007 1172 4088 Quod
1206 4021 1346 4073 carneam

172 4109 307 4174 eatinus
327 4112 481 4178 clamavit
501 4131 620 4198 magua
640 4131 723 4178 voce
744 4131 904 4178 revocem
921 4131 993 4180 nos.
1029 4113 1186 4181 Sirm'liter
1205 4114 1344 4190 Arolos,

172 4213 332 4280 monetarii
353 4227 387 4278 et
407 4220 539 4282 sairrarii
561 4219 669 4296 etalii
690 4221 851 4304 peregrim
873 4227 947 4302 poet
968 4236 1029 4283 eos
1051 4219 1246 4295 clamabant,
1267 4233 1344 4298 pre·

172 4326 285 4380 cantes
306 4327 343 4380 nt
378 4339 599 4404 maneremus,
629 4323 688 4386 sed
710 4324 988 4388 dissimulavimus
1007 4321 1120 4386 andire
1146 4328 1179 4382 et
1201 4317 1344 4404 elongati
