3202 5218
855 293 920 357 bau

301 478 461 560 peregrini
483 475 571 539 ilium
596 472 747 557 militem,
768 475 821 557 qni
844 491 902 538 eoa
926 473 1044 556 movit,
1066 473 1306 537 dilacerassent.
1352 472 1485 552 Quam-

302 583 356 646 diu
379 582 449 646 vixi
471 583 503 643 in
526 577 737 661 boemundo,
760 581 934 642 tristiorem
958 587 1086 642 noctem
1112 597 1175 642 non
1197 579 1304 643 habui.
1332 577 1483 661 Contigit

302 687 450 770 proiecto
473 687 583 767 nobie,
606 684 692 746 sieut
722 684 822 746 sociis
844 683 995 766 Uiyssis,
1017 702 1100 767 quos
1121 684 1286 766 Euryalus
1305 684 1484 747 consocius

304 809 417 855 omnes
439 791 472 853 in
494 788 670 874 perieulum
693 788 926 851 submersionis
947 787 1085 865 induxit,
1103 806 1175 852 cum
1199 798 1306 852 tamen
1327 786 1486 871 praedic-

302 904 368 958 tum
394 896 442 958 eis
465 895 561 958 inerit
581 913 645 957 non
668 891 899 976 navigandum.

376 1130 455 1206 lter
479 1127 528 1204 ad
562 1153 662 1206 mere
687 1128 829 1204 rubrum
855 1137 894 1204 et
919 1125 1087 1226 gaudium
1113 1129 1396 1230 peregrinorum.

387 1311 497 1373 Tertia
518 1308 573 1374 die
594 1320 669 1373 rute
691 1311 817 1393 plenam
842 1309 946 1374 iucem
983 1329 1071 1372 more
1094 1310 1192 1372 solito
1222 1310 1263 1372 de
1285 1307 1485 1372 Wardacbii

304 1416 501 1478 recessimus
522 1435 582 1497 per
603 1415 670 1477 iata
697 1424 729 1476 et
751 1433 887 1478 arenosa
917 1415 1111 1497 campestria
1142 1424 1191 1496 et,
1224 1422 1397 1496 antequam
1421 1411 1482 1474 iux

302 1519 399 1601 piena
429 1525 540 1597 esset,
572 1518 654 1582 duas
685 1528 808 1582 turmas
848 1516 1044 1582 camelorum
1077 1517 1191 1581 obvias
1222 1517 1410 1597 babuimus,
1443 1518 1479 1576 in

302 1639 435 1706 quarum
460 1620 598 1686 medium
631 1623 876 1705 incidissemus,
909 1625 938 1684 si
973 1642 1037 1686 non
1059 1622 1100 1687 ad
1125 1622 1233 1684 socios
1259 1621 1477 1684 venissemus.

301 1727 437 1788 lituum
471 1727 535 1787 iam
570 1727 658 1790 clara
686 1726 756 1789 dies
788 1737 895 1809 esset,
928 1728 1078 1791 venimus
1099 1728 1132 1789 in
1157 1725 1223 1789 Sur
1254 1723 1421 1788 desertum
1444 1731 1481 1784 et

301 1830 384 1892 satis
406 1831 575 1914 propinqui
610 1833 689 1894 mari
720 1831 847 1894 inimus.
892 1833 928 1894 in
960 1832 1023 1895 boo
1044 1830 1206 1895 desertum
1236 1837 1396 1892 venerunt
1416 1827 1480 1890 iiiii

301 1934 405 1996 lsrael
432 1937 569 2017 primum
602 1939 738 2000 transito
769 1937 848 2000 mari
884 1939 993 2020 rubro,
1026 1937 1112 1999 sient
1141 1934 1261 1997 dicitnr
1288 1932 1392 1997 urent
1425 1932 1478 1994 te.

304 2036 371 2100 Sed
395 2039 539 2123 etAgar,
562 2038 680 2103 anciila
694 2039 808 2123 Sarae,
830 2041 904 2104 dum
927 2041 1055 2123 ingeret
1076 2057 1097 2102 a
1118 2040 1203 2103 faeie
1224 2038 1296 2120 ejus
1317 2047 1350 2100 et
1371 2035 1481 2100 redire

302 2143 405 2206 veliet
425 2143 459 2206 in
479 2145 684 2228 Aegyptum,
714 2144 800 2207 unde
821 2152 899 2208 nata
925 2145 1000 2227 suit,
1024 2144 1058 2207 in
1080 2145 1142 2207 boo
1170 2143 1300 2208 deserto
1326 2141 1480 2224 solivaga

302 2249 436 2310 inventa
455 2257 508 2310 est
527 2251 569 2310 ab
591 2249 709 2332 augeio
730 2249 858 2313 Domini
881 2257 913 2312 et
930 2249 1025 2332 jussa
1047 2248 1152 2313 redire
1173 2247 1215 2310 ad
1236 2246 1351 2309 Suram
1371 2244 1480 2308 domi-

302 2368 375 2413 nam
397 2369 489 2415 snam
512 2361 545 2414 et
566 2370 604 2415 se
625 2353 655 2414 ei
670 2354 847 2435 humiliare,
871 2362 903 2416 et
924 2355 1171 2436 praenunciavit
1192 2353 1222 2414 ei
1254 2350 1353 2414 multa
1369 2350 1480 2413 future

303 2453 346 2516 de
367 2473 482 2538 puero,
505 2474 601 2538 quero
624 2457 656 2519 in
679 2466 772 2523 utero
794 2459 964 2541 gestabat,
986 2456 1027 2519 de
1052 2457 1208 2540 ismaele,
1237 2456 1293 2539 qni
1314 2463 1406 2538 pater
1425 2465 1480 2518 est

305 2561 445 2621 omnium
469 2561 722 2644 ismaelitarum,
743 2562 988 2646 Agaronorum,
1010 2561 1260 2626 Sarracenornm
1283 2569 1315 2622 et
1336 2558 1481 2643 populo-

306 2682 374 2725 rum
398 2662 439 2726 de
461 2674 571 2728 monte
597 2664 679 2728 Seir.
1027 2644 1048 2754 ζ

390 2767 561 2852 negabant
588 2787 667 2854 ergo
689 2769 808 2833 domini
830 2771 1002 2853 peregrini,
1018 2771 1073 2854 qui
1092 2769 1135 2835 ad
1155 2788 1244 2832 mare
1263 2769 1390 2832 rubrum
1411 2786 1479 2832 nou

305 2871 449 2956 inerant,
486 2871 654 2957 calinum,
686 2883 720 2938 ut
750 2884 886 2956 possent
918 2874 959 2937 ad
991 2873 1024 2939 id
1055 2874 1273 2956 descendere,
1303 2875 1480 2957 praecipue

304 2993 376 3039 cum
404 2978 437 3040 in
459 2977 515 3041 iiio
537 2979 608 3044 ioco
630 2980 724 3042 nobis
745 2980 924 3063 propinquo
947 2978 1096 3043 dieantur
1121 2980 1178 3042 tilii
1199 2978 1300 3041 israel
1333 2978 1479 3042 domari

304 3082 430 3162 egressi
452 3081 556 3147 iuisse
577 3087 611 3148 in
634 3084 795 3147 desertum
819 3082 902 3168 Sur,
932 3092 968 3147 nt
989 3081 1104 3148 dieitur
1125 3082 1230 3147 Exodi
1260 3081 1309 3146 17.
1354 3083 1477 3166 Assig-

303 3189 394 3245 navit
417 3202 495 3269 ergo
511 3185 646 3251 Gaiinus
667 3190 849 3270 peregrinis
871 3187 1010 3251 ramulos
1024 3188 1152 3251 Ambos
1173 3186 1323 3250 ductores
1344 3197 1377 3250 et
1397 3185 1480 3250 des-

302 3287 472 3351 cendimus
504 3309 618 3353 omnes
651 3309 724 3353 oum
747 3293 796 3355 eis
831 3290 871 3353 ad
903 3310 991 3354 mare
1017 3293 1156 3357 rubrum.
1201 3291 1360 3370 Quamvis
1390 3293 1478 3356 enim

303 3391 466 3474 peregrini
494 3395 607 3456 tertiae
637 3397 805 3458 societatis
838 3395 879 3458 ad
901 3414 990 3459 mare
1022 3397 1178 3473 inissent,
1212 3405 1248 3460 ut
1270 3397 1390 3461 dietum
1412 3406 1479 3480 est,

302 3503 410 3558 tamen
444 3497 520 3579 qnia
551 3498 670 3561 unllam
705 3499 748 3562 ibi
778 3500 1007 3582 experientiam
1040 3505 1139 3566 maris
1172 3511 1383 3584 acceperunt,
1415 3519 1479 3564 neo

302 3609 434 3682 propter
466 3603 679 3668 turbationem
702 3621 790 3666 mare
822 3603 1028 3668 considerare
1060 3615 1226 3690 poterant,
1259 3605 1333 3668 ideo
1360 3609 1477 3669 iterum

303 3721 375 3766 cnm
399 3705 472 3770 aliis
493 3706 751 3792 descendebant,
785 3709 901 3772 cameli
923 3718 1029 3772 antem
1053 3729 1111 3793 per
1130 3713 1217 3772 viam
1241 3711 1362 3792 regiam
1396 3727 1477 3793 pro-

302 3807 469 3872 cedebant.
507 3812 660 3879 liecimus
683 3833 761 3898 ergo
781 3815 868 3876 viam
892 3815 987 3876 nnius
1008 3815 1107 3878 horae
1127 3823 1160 3877 et
1180 3813 1222 3876 ad
1240 3805 1357 3898 aquam
1378 3815 1480 3878 maris

302 3910 493 3976 devenimus
515 3924 565 4001 et,
600 3921 751 4001 quamvis
780 3917 888 3981 adhuc
920 3937 1015 3982 mane
1044 3927 1151 4002 esset,
1185 3927 1293 3981 tamen
1327 3918 1478 3981 vestibus

302 4033 364 4079 nos
385 4014 581 4085 nudavimns
601 4031 636 4085 et
657 4024 691 4084 in
714 4016 795 4084 mari
815 4022 910 4085 rubro
943 4022 1085 4086 balneati
1105 4030 1138 4085 et
1159 4022 1315 4105 baptizati
1348 4038 1478 4103 sumus,

300 4123 334 4185 in
355 4122 419 4186 boe
439 4123 569 4206 iuquam
600 4125 697 4206 mari,
725 4125 845 4208 inquo
869 4126 1047 4190 seeundum
1081 4125 1262 4211 apostolum
1295 4127 1323 4190 1.
1346 4126 1422 4190 Cor.
1441 4123 1478 4188 9.

301 4246 415 4291 omues
446 4237 557 4311 patres
592 4229 695 4292 nostri
716 4230 749 4292 in
774 4231 895 4314 Moyse
916 4233 1074 4316 baptizati
1104 4240 1189 4295 sunt.
1234 4232 1282 4294 ibi
1311 4233 1397 4296 enim
1418 4225 1480 4292 iiiii

300 4331 404 4398 lsrael
424 4353 483 4418 per
512 4333 652 4400 medinm
673 4334 797 4398 siccum
828 4337 1076 4400 ambulaverunt
1096 4338 1139 4400 ab
1168 4353 1233 4400 uua
1254 4345 1346 4421 parte
1375 4335 1479 4399 maris
