3132 5206
799 295 844 356 tt

235 475 351 542 malunt
370 474 476 538 iidem.
518 471 611 536 Sicut
631 469 800 555 videmus,
822 469 908 555 qnod
931 477 1064 556 propter
1083 474 1201 538 malurn
1222 471 1317 538 fldem
1340 472 1418 536 eli-·

236 598 300 664 qna
322 579 363 644 ad
385 579 557 642 amintam
577 576 716 660 alicuius
739 576 906 658 languoris
923 576 1063 664 iscium,
1088 599 1175 664 quae
1195 579 1289 644 nullu
1304 588 1407 642 natu·

236 685 296 748 rull
319 685 443 747 ratione
464 701 526 746 nec
547 683 655 766 aliqua
676 690 746 744 erte
767 679 809 744 ad
827 680 1008 747 sanandum
1022 684 1198 768 languores
1216 694 1293 769 apta
1311 692 1408 747 sunt:

134 785 137 795 “
236 793 338 870 scint,
371 787 399 850 si
422 804 526 868 equus
554 803 646 850 mens
675 785 837 850 claudicat
858 787 892 850 in
922 786 1021 853 dexto
1053 788 1153 873 pede,
1188 793 1301 854 statim
1331 805 1409 850 enm

238 893 385 978 ligaturis
407 890 555 954 dextrum
588 890 704 974 pedem
736 909 859 955 vaccae
892 911 985 956 mese
1016 913 1083 958 non
1103 893 1317 959 claudicantis
1354 893 1410 954 in-

237 999 351 1081 volvo,
372 1004 408 1060 et
429 1003 564 1058 sanatur
585 1013 708 1080 equus3
739 1015 804 1060 non
825 1005 956 1080 propter
976 998 1150 1081 ligaturam
1172 1015 1312 1080 vaccae,
1343 995 1408 1058 sod

236 1112 369 1188 propter
389 1099 556 1184 perfidiam
578 1119 692 1185 meam,
706 1119 772 1185 qna
793 1102 876 1166 naec
897 1100 1002 1167 oredo.
1026 1101 1085 1167 Sic
1109 1112 1161 1167 est
1179 1104 1212 1166 in
1231 1100 1408 1187 proposito.

238 1207 289 1274 Ex
311 1207 594 1295 quogubernator
615 1205 710 1268 navis
732 1206 850 1290 credit,
873 1207 958 1291 qnod
980 1226 1064 1292 aqna
1090 1207 1244 1272 Jordanis
1271 1203 1425 1289 paucula·

239 1322 343 1378 totum
374 1329 484 1375 aerem
514 1317 547 1371 et
578 1326 667 1372 mare
695 1328 847 1392 magnum
881 1315 1028 1374 immutet
1067 1321 1101 1374 ot
1132 1320 1250 1374 ventos
1282 1315 1428 1391 arceat,-

238 1417 311 1486 ideo
333 1418 366 1479 in
388 1431 524 1498 poenam
546 1415 674 1495 pcccati
699 1415 751 1477 sni
772 1416 927 1497 permittit
947 1415 1040 1480 Deus
1065 1415 1282 1500 navigationis
1301 1415 1413 1494 impe-

239 1521 432 1601 dimentum,
459 1525 497 1580 ut
516 1515 654 1598 perfidia
677 1533 739 1580 sua
769 1521 1001 1584 incrementum
1023 1522 1140 1605 cupiat.
1163 1507 1282 1598 'Quen
1302 1524 1413 1580 autem

239 1628 283 1689 sit
304 1622 571 1708 superstitiosum,
590 1629 681 1704 patet
700 1625 796 1686 etiam
817 1643 860 1688 ex
882 1644 939 1708 eo,
970 1623 1056 1709 qnod
1079 1625 1171 1689 multi
1202 1624 1413 1686 lnveninntur

242 1747 359 1813 aquam
381 1729 466 1792 hunc
488 1726 721 1811 transduxisse,
743 1729 819 1794 licet
841 1730 947 1794 minus
968 1730 1052 1794 bene
1074 1729 1219 1811 fecerint,
1233 1726 1412 1812 quiuPupa

240 1832 402 1918 prohibnlt
424 1841 484 1895 etc.
519 1832 564 1895 lit
586 1841 708 1896 tuntum
730 1853 782 1896 me
812 1845 985 1918 evagatum
1004 1834 1108 1899 inisse
1128 1831 1270 1914 sufficiat
1292 1849 1312 1893 s
1331 1829 1414 1892 Jor-

242 1937 336 2001 danis
356 1935 563 2000 balrtestionc
581 1955 688 2021 usqne
709 1937 751 2000 sd
772 1941 871 2001 maris
891 1939 1001 2022 magni
1023 1939 1272 2021 navigationem.
1310 1935 1414 2018 igitur
1550 1933 1551 1944 ’

116 2062 121 2072 ·
241 2042 283 2112 ro
303 2043 506 2106 vocationem
518 2040 768 2106 Sarracenorum
792 2045 920 2125 egressi
940 2061 1053 2106 sumus
1070 2042 1113 2105 de
1127 2051 1241 2106 sancto
1253 2037 1412 2119 dardane,

242 2157 275 2213 et
300 2148 405 2212 lnduti
424 2147 572 2211 vestibus
601 2146 643 2211 de
675 2147 770 2211 alveo
800 2165 929 2211 sursum
959 2147 1181 2230 ascendimus,
1219 2155 1253 2208 et
1282 2149 1412 2206 stantes

242 2252 348 2320 locum
375 2251 662 2317 consideravimus.
705 2250 921 2316 Consedimus
943 2264 1009 2317 tum
1031 2251 1075 2314 ibi
1105 2253 1190 2317 inter
1210 2250 1357 2329 arbusta,
1380 2255 1415 2308 et

244 2377 359 2442 panem
382 2365 415 2419 et
436 2356 510 2439 alis,
531 2375 615 2439 qnae
637 2355 677 2418 de
697 2355 881 2418 Jerusalem
902 2357 1117 2440 portavimus,
1139 2355 1415 2434 manducavimus,
1435 2381 1439 2390 ·

244 2471 278 2526 et
301 2479 365 2524 non
387 2461 572 2523 curavimus
593 2459 809 2544 Sarracenos,
833 2461 889 2544 qni
909 2463 1041 2526 stabant
1062 2471 1095 2525 ot
1117 2461 1268 2524 continue
1290 2475 1349 2522 nos
1371 2456 1437 2521 ad·

51 2617 60 2632 .
184 2573 191 2594 l
244 2581 410 2630 recessum
430 2565 601 2628 vocabant.

284 2802 344 2878 De
368 2799 542 2876 Jordanis
564 2798 828 2904 descriptione,
853 2809 893 2876 et
917 2801 1029 2905 primo
1054 2793 1102 2877 de'
1127 2805 1211 2901 ejus
1236 2797 1387 2900 origine.

329 2983 506 3047 Jordanenr
528 2982 661 3048 fluvium
683 2983 905 3069 descripturus
927 2985 989 3049 trla
1012 2984 1053 3047 de
1073 3001 1114 3048 ec
1130 2981 1243 3062 dicam
1279 2982 1313 3063 l)
1334 2979 1417 3062 Ejus

247 3089 412 3172 originem.
454 3089 495 3169 ἵ)
516 3088 598 3170 lijus
619 3088 818 3171 qualitatem.
859 3090 897 3171 d)
919 3088 1002 3172 Ejus
1022 3087 1342 3152 commendationem,
1372 3083 1374 3088 ’

334 3192 372 3253 ln
393 3189 611 3273 descriptione
631 3190 786 3256 Jordanis
807 3211 945 3258 necesso
964 3193 1069 3258 habeo
1090 3192 1200 3256 iacere
1221 3193 1418 3255 mentionem

246 3298 410 3377 locorum,
443 3313 528 3377 qnae
562 3295 666 3358 oculis
700 3297 782 3358 meis
811 3315 877 3360 non
909 3296 996 3380 vidi,
1028 3297 1106 3381 quia
1135 3296 1351 3380 peregrinatio
1378 3309 1419 3356 se

248 3399 395 3466 extendit
421 3416 527 3483 usquc
554 3398 811 3482 asserionem,
839 3400 900 3464 sed
921 3420 986 3465 non
1010 3418 1120 3485 usqne
1137 3402 1180 3465 sd
1201 3401 1274 3484 eius
1294 3399 1420 3484 prinei·

248 3505 348 3587 pium.
391 3502 443 3566 lle
471 3511 542 3567 ortu
563 3503 662 3587 igitur
680 3503 837 3568 iordanis
857 3508 1069 3572 communiter
1092 3505 1224 3590 dicitnr,
1251 3513 1285 3568 et
1305 3522 1419 3568 verum

249 3618 321 3692 ost,
350 3608 437 3694 qnod
464 3611 565 3672 oritur
590 3611 650 3672 snb
679 3618 787 3673 monte
806 3610 955 3676 [libanon
983 3610 1151 3675 adnobus
1170 3609 1315 3674 fontibus
1336 3625 1420 3671 eon-
1447 3625 1450 3632 ⁴

249 3713 443 3795 fluentibus,
463 3713 524 3777 Jor
544 3714 672 3778 scilicet
693 3722 727 3777 et
746 3715 838 3799 Dan,
861 3723 896 3781 et
916 3717 957 3780 ab
978 3725 1115 3799 utroque
1135 3732 1252 3780 nomen
1273 3713 1419 3788 sortitur,
1447 3735 1450 3744 =

252 3824 287 3882 et
318 3817 442 3881 Jordun
464 3827 611 3884 vocatur.
654 3817 763 3883 Altius
793 3829 901 3885 tamen
931 3822 1060 3906 quidam
1090 3820 1162 3904 ejus
1183 3819 1339 3903 originem
1365 3816 1420 3877 in-

250 3924 427 4008 dagarunt3
460 3921 573 3987 dicunt
603 3925 704 4008 enim,
736 3925 822 4009 qnod
856 3925 1057 4009 Euphrates,
1097 3925 1216 3990 fluvius
1248 3920 1355 4004 (199
1365 3920 1420 4002 Α)

251 4027 405 4112 paradisi,
427 4029 556 4091 emittat
575 4047 636 4111 per
657 4028 819 4092 occultum
841 4032 1087 4094 subterraneum
1108 4037 1248 4093 mestum
1270 4025 1422 4107 rivulum,

252 4135 308 4218 qui
329 4139 547 4216 congregatur
567 4133 601 4194 in
627 4132 747 4195 iontem
770 4131 964 4215 profundum
986 4141 1019 4197 et
1039 4151 1169 4217 semper
1190 4133 1340 4216 plenum,
1360 4127 1422 4193 sed

142 4265 151 4299 ·.
250 4255 315 4302 non
344 4236 547 4319 effluentem,
578 4254 673 4320 quern
695 4236 860 4299 nominant
879 4234 1015 4320 l’hyela
1058 4236 1230 4302 Sarraceni
1256 4235 1421 4299 nominant

250 4359 325 4408 enm
355 4340 515 4426 Msydan,
548 4349 582 4404 et
611 4341 727 4403 dietih.
753 4341 801 4406 15.
837 4339 952 4408 dicun
982 4340 1161 4425 Megedan,
1201 4350 1233 4404 et
1253 4340 1357 4404 Marci
1388 4339 1421 4408 8.
