3232 5218
738 266 806 336 illd

179 449 293 514 orbem
315 444 488 530 dispersim
511 443 630 510 multae
651 444 931 510 schismaticorum
963 445 1159 511 ecclesiolae
1178 455 1213 512 et
1233 447 1354 513 multae

181 554 436 618 Sarracenorum
464 549 643 612 muscheae
671 558 705 612 et
732 548 929 614 iudaeorum
964 568 1154 634 synagogae
1191 560 1224 614 ot
1245 553 1354 618 taber-

182 656 301 720 nacula
324 654 607 717 Samaritanorum.
1280 662 1283 668 ·

255 757 466 841 ‚Principales
488 758 554 820 vici
575 763 651 818 sunt
682 757 890 840 testudinati,
924 757 985 820 snb
1007 758 1125 841 quibus
1145 757 1186 821 ab
1215 766 1353 843 utraque

179 870 275 947 parte
294 869 371 924 sunt
403 866 543 944 paiegae
573 860 826 944 negotiatorum,
855 860 909 924 vel
939 863 1097 944 coquinae
1126 878 1294 946 cocorum,
1316 866 1351 926 ln

179 969 253 1032 aliis
274 966 358 1029 vicis
380 965 523 1029 resident
545 963 735 1028 mechanici.

260 1070 387 1133 Demus
406 1069 548 1132 civitatis
571 1076 607 1130 nt
636 1069 670 1129 in
691 1067 862 1151 plurimum
894 1079 972 1132 sunt
998 1080 1158 1154 muratae,
1180 1079 1225 1154 et,
1240 1070 1350 1155 aliqua

178 1193 355 1262 pauperum
378 1173 507 1256 tuguria
527 1182 603 1235 suut
625 1172 692 1235 luto
714 1173 817 1254 iaeta3
848 1191 984 1258 magm
1003 1183 1111 1238 tamen
1133 1184 1168 1238 at
1189 1176 1350 1239 notabiles

180 1281 294 1344 domus
315 1280 348 1342 in
370 1294 410 1340 ea
429 1275 506 1339 vidi.
550 1276 674 1339 Verum
696 1266 838 1340 civitatis
862 1296 981 1360 magua
1012 1297 1088 1360 pars
1111 1289 1161 1343 est
1193 1279 1348 1362 desolata,

180 1394 214 1448 et
239 1385 355 1447 domus
377 1383 528 1444 ruinosae
557 1389 589 1442 et
610 1381 682 1443 sine
712 1380 900 1447 habitatore.
946 1382 1039 1446 Unde
1060 1385 1157 1446 etiam
1187 1382 1349 1446 cadavera

137 1543 141 1550 .
178 1488 389 1568 camelorum,
421 1503 592 1568 equorum,
626 1487 809 1567 asinorum,
839 1475 959 1549 canum
978 1495 1043 1555 etc.
1075 1507 1140 1550 non
1162 1488 1241 1550 ioris
1265 1486 1348 1549 edu·

179 1601 306 1673 cuntur,
323 1589 383 1654 red
403 1588 446 1651 ad
468 1588 599 1651 deserta
619 1589 691 1652 loca
703 1591 789 1652 intra
806 1583 932 1653 moenia
953 1593 1037 1654 intra
1058 1592 1166 1654 ruinas
1183 1591 1347 1655 domorum
1419 1568 1424 1578 ⁶

178 1695 400 1779 projiciuntur.
443 1695 481 1755 ln
504 1691 584 1756 locis
607 1702 732 1777 tamen,
753 1696 806 1758 nbi
828 1695 1005 1779 habitatur,
1027 1705 1106 1760 snut
1125 1695 1233 1780 populi
1256 1695 1349 1759 multi

178 1800 368 1882 congregati
391 1798 431 1861 de
453 1799 540 1860 omni
562 1799 707 1879 natione,
729 1816 813 1880 quac
835 1800 895 1862 snb
918 1802 1008 1864 coelo
1036 1809 1104 1884 est,
1132 1803 1218 1865 sicut
1249 1801 1347 1862 etiam

185 1903 308 1986 legitur
340 1903 451 1965 Actor.
494 1904 533 1964 ll.
588 1901 672 1963 Sunt
715 1902 810 1963 ctiam
845 1904 889 1965 ibi
928 1904 1003 1985 plus
1046 1924 1141 1987 quam
1179 1902 1348 1987 quingenti

179 2007 316 2090 iudaei,
337 2016 369 2070 et
391 2005 476 2070 ultra
496 2004 584 2098 mille
605 2004 791 2086 Christiani,
814 2004 856 2093 de
878 2009 965 2070 omni
986 2018 1078 2072 secta
1098 2016 1133 2073 ot
1154 2016 1264 2088 terra3
1286 2005 1346 2069 sed

177 2111 220 2175 de
239 2111 329 2174 nullo
350 2111 413 2172 ritu
432 2119 509 2172 sunit
530 2112 716 2191 panciores,
738 2127 833 2191 qnam
855 2107 1051 2174 Latinorum.

259 2214 375 2297 Aquas
396 2217 543 2296 proprias
564 2231 629 2276 non
651 2213 787 2295 habent,
810 2215 873 2276 nisi
893 2232 977 2296 quas
998 2214 1080 2278 coeli
1101 2216 1136 2277 in
1157 2214 1246 2276 illam
1268 2211 1347 2275 stil-

177 2321 263 2402 lant,
284 2319 339 2381 vel
361 2337 444 2402 quas
465 2318 662 2386 industriose
683 2337 703 2379 a
724 2317 909 2401 longinquis
929 2337 988 2400 per
1008 2319 1156 2402 gurgites
1178 2316 1346 2400 inducunt,

175 2426 260 2488 sicut
280 2433 368 2507 patet
390 2422 445 2485 iol.
462 2423 537 2486 249.
559 2423 597 2484 B.
620 2421 726 2485 Multa
747 2430 822 2484 sunt
844 2425 877 2483 in
899 2423 1034 2486 civitate
1055 2442 1209 2508 aquarum
1230 2438 1346 2503 recep-

176 2528 302 2611 tacula,
329 2527 493 2610 piscinae,
525 2525 617 2588 lacus
654 2534 686 2587 et
719 2525 863 2590 infinitae
898 2528 1058 2590 cisternae
1081 2537 1115 2590 et
1136 2527 1264 2610 fossae,
1300 2527 1346 2589 ita

175 2642 211 2695 nt
231 2635 314 2697 satis
335 2633 374 2693 ab
396 2633 485 2694 intus
507 2628 664 2692 redundat
685 2632 786 2712 aquis.
820 2629 897 2694 Rex
917 2631 1073 2715 Aegypti,
1096 2630 1270 2711 soldanus,
1293 2638 1346 2706 est

175 2725 224 2802 ibi
251 2737 414 2817 dominns,
437 2741 470 2796 ct
490 2735 660 2817 praeponit
680 2733 799 2815 populo
832 2743 940 2797 terrae
960 2735 1161 2817 praefectos,
1195 2743 1227 2794 et
1248 2751 1346 2816 pere-

175 2843 280 2925 grinis
303 2840 375 2923 (B)
400 2848 433 2901 et
454 2839 591 2902 advenis
602 2838 796 2901 Christianis
818 2848 850 2901 et
871 2838 1007 2903 Judaeis
1028 2837 1345 2918 Trntschelmaunes,

175 2956 209 3009 et
230 2946 440 3008 bellatoribus
462 2942 699 3022 Mamalnecos3
726 2948 760 3003 et
780 2945 826 3004 ita
847 2943 992 3024 potentia
1020 2941 1109 3016 civili
1132 2942 1214 3024 regit
1240 2958 1346 3023 popu·

33 3112 37 3129 ,
174 3051 259 3132 lum,
292 3049 384 3132 qnasi
407 3049 562 3130 regimine
595 3045 771 3127 despotioo.
813 3049 911 3109 Herio
935 3046 1028 3108 asni
1057 3045 1213 3126 principio
1241 3061 1346 3127 usqne

175 3172 262 3217 nunc
293 3171 424 3236 omnes,
450 3153 508 3236 gni
539 3153 719 3232 scripturas
752 3149 863 3234 legunt
895 3157 930 3212 ct
961 3136 1132 3229 historias,
1160 3149 1345 3211 iniortuniis

174 3259 283 3322 multis
305 3259 407 3321 inisse
428 3255 626 3338 subjectam,
648 3255 826 3317 inveniunt.
872 3251 1072 3338 Saepissime
1105 3255 1240 3317 incensa
1271 3252 1343 3335 init,

173 3370 208 3426 et
230 3363 369 3447 populns
401 3359 552 3443 populum
578 3358 745 3425 dehellans
777 3360 916 3442 expulit,
947 3368 980 3422 et
1001 3359 1167 3422 multoties
1200 3356 1344 3420 funditus

173 3485 291 3529 aversa
313 3467 410 3547 (ost).
451 3464 591 3526 Vastata
613 3465 698 3526 enim
721 3463 783 3526 iuit
802 3481 823 3526 a
843 3463 1155 3545 Nabuchodonosor,
1176 3480 1255 3544 rege
1276 3462 1344 3522 lia·
1430 3449 1433 3454 ’

173 3570 392 3653 byloniornm3
420 3575 534 3650 postea
564 3569 605 3628 ab
637 3567 787 3646 Asobeo,
817 3585 896 3650 rege
927 3567 1181 3650 Aegyptiorum,
1226 3563 1344 3627 deinde

173 3673 214 3736 ab
236 3672 414 3754 Antiocho,
455 3678 572 3754 postea
592 3689 612 3733 a
633 3671 795 3753 Pompcjo.
837 3670 918 3735 Post
939 3672 1000 3734 hos
1030 3670 1179 3732 Herodes
1200 3669 1343 3751 Magnus

172 3786 204 3840 at
236 3774 352 3841 Sosius
386 3786 515 3858 captum
548 3775 698 3858 oppidum
740 3792 927 3858 seruauere.
978 3773 1104 3836 Deinde
1143 3775 1238 3836 'litus
1271 3791 1343 3836 eam

172 3882 301 3963 penitus
323 3879 482 3943 destruxit
503 3889 536 3941 ct
558 3879 687 3960 evertit,
711 3878 919 3942 fundamenta
943 3895 1105 3940 enervans
1127 3885 1201 3961 post
1212 3865 1343 3941 Domini

171 3985 367 4068 passionem.
420 3982 599 4064 Dereliqnit
632 3991 741 4046 tamen
774 3981 931 4068 quasdam
976 3991 1082 4044 turres
1114 3980 1272 4045 firmiores
1311 3987 1345 4043 ct

172 4108 296 4152 murum
322 4087 568 4168 occidentalem,
583 4094 616 4150 ut
639 4089 761 4168 posteri
783 4095 963 4170 corruerent,
979 4104 1075 4169 qnam
1097 4085 1342 4148 munitissimam

171 4193 335 4256 civitatem
356 4191 575 4257 Romanomm
597 4191 701 4255 virtus
733 4187 958 4273 obtinuisset,
977 4198 1015 4252 ct
1032 4199 1067 4252 ut
1090 4198 1178 4252 esset
1199 4195 1342 4251 castrum

170 4296 253 4383 iilis,
285 4314 369 4382 qnos
390 4296 557 4360 custodiae
584 4296 727 4380 regionis
756 4293 940 4377 relinquare
972 4292 1170 4358 decreverat.
1214 4289 1344 4368 Quarrta
