3132 5206
696 287 736 356 iu

128 471 185 556 qni
214 471 252 534 iu
292 469 434 536 romunt
461 467 648 536 iurnalem
683 470 840 554 mysteria
871 466 1026 538 ouem
1055 465 1205 536 imitator.
1262 472 1306 536 lli

126 579 215 642 sieut
238 576 321 639 felix
339 583 409 656 ost,
436 575 492 658 qni
513 572 680 640 christum
702 579 737 638 iu
758 574 863 660 gloria
886 572 993 657 videt,
1025 581 1059 638 ct
1086 575 1305 642 beatissimam

23 673 26 702 ¹
125 681 304 764 Virginem
331 679 485 764 Mariam,
525 681 743 764 patriarchas,
772 681 946 764 prophetas
973 688 1007 742 ct
1046 679 1227 761 apostolos:
1255 681 1305 744 sio

126 781 206 844 lelix
229 790 297 861 cst,
317 785 373 865 qui
393 785 516 850 clir'sti
537 786 683 869 vestigio
703 793 738 848 et
757 786 875 850 beatae
896 783 1057 867 virginis,
1078 783 1303 866 prophetantur

124 894 158 951 ot
178 888 404 970 apostolorum
431 890 573 952 imitatur
605 897 641 954 et
671 883 891 956 deosculatum
928 892 1081 972 insuper,
1111 888 1198 953 sicut
1224 889 1304 956 ioiix
1406 864 1417 887 ⁶

128 991 266 1074 dicitur,
301 994 358 1078 qrri
390 991 577 1061 felicitatem
598 1001 689 1058 certa
715 1011 777 1078 spo
806 994 925 1062 habeta
964 995 1015 1060 de
1043 994 1100 1078 qui
1118 993 1302 1056 Jerusalem

126 1099 318 1157 terrestrem
341 1095 435 1180 vidit,
457 1097 536 1160 lelix
557 1106 618 1180 cst,
639 1099 714 1183 quia
736 1097 864 1180 dicitur,
886 1097 1040 1183 quodilli,
1061 1101 1118 1182 qui
1139 1099 1303 1162 civitatem

125 1207 279 1262 unctam
295 1198 481 1266 Jerusalem
501 1200 545 1264 ad
559 1201 622 1265 Dei
644 1203 772 1268 laudem
799 1202 948 1267 adierunt
967 1211 1001 1266 et
1023 1201 1186 1286 viderunt,
1206 1202 1304 1266 indu-

125 1299 268 1366 bitanter
289 1307 388 1372 etiam
409 1313 443 1368 et
473 1315 621 1389 prouertu
652 1308 686 1370 iu
716 1307 889 1372 coelestem
910 1305 1093 1372 Jerusalem
1127 1307 1304 1390 intrslrnnt,

23 1473 25 1484 ,
125 1415 156 1470 et
177 1408 224 1470 ibi
247 1427 364 1492 regem
384 1411 420 1473 in
441 1428 502 1474 suo
530 1407 647 1475 decore
668 1412 843 1496 videbunt,
863 1431 959 1497 quem
980 1413 1014 1476 in
1036 1413 1180 1478 terrestri
1201 1413 1304 1478 Jeru-

123 1512 227 1575 salem
261 1514 298 1578 in
331 1517 498 1598 praesepi,
528 1516 563 1578 in
609 1535 706 1581 cruce
740 1526 775 1580 et
806 1519 839 1580 iu
860 1518 1033 1600 sepulchro
1059 1519 1299 1602 quaesiverunt.

125 1612 210 1692 Quid
227 1618 296 1682 lroc
317 1617 439 1682 dictum
459 1621 609 1687 veritatis
631 1622 765 1705 habui,
786 1625 917 1706 nescio,
939 1621 1000 1685 scd
1020 1639 1124 1705 spero.
1168 1625 1220 1688 Ex
1249 1623 1302 1688 his

125 1729 214 1802 patet
237 1723 499 1805 praeeminentia
524 1724 661 1789 militnm
683 1727 788 1790 sancti
809 1720 972 1810 sepulchri
993 1743 1092 1811 supra
1112 1727 1192 1792 alios
1213 1727 1302 1791 mili-
1327 1788 1334 1796 .

125 1835 184 1892 tes.
228 1826 286 1890 Ad
316 1828 379 1894 hos
408 1829 526 1893 milites
557 1830 861 1914 hierosolymitanos
894 1832 1007 1896 scribit
1028 1831 1063 1894 S.
1094 1832 1301 1898 Beruherdns

128 1945 313 1996 sermonem
347 1932 489 2017 longum,
522 1935 556 1998 in
588 1953 653 2019 quo
685 1953 794 1998 corum
825 1935 1105 2000 conversationem
1134 1946 1167 1999 et
1198 1940 1299 2004 vitam

128 2034 300 2098 militarem
335 2036 488 2104 describit
514 2048 548 2103 et
577 2041 658 2104 vitia
679 2037 885 2123 reprehendit
906 2039 1040 2104 midtunr
1068 2040 1245 2106 carnalium
1265 2043 1300 2106 lu

128 2139 174 2202 tv
194 2140 361 2224 capitulis.

130 2387 185 2464 lle
209 2389 338 2468 divino
363 2391 497 2474 Officio
521 2393 621 2470 illius
644 2389 763 2466 nectis
790 2389 828 2465 in
853 2389 897 2471 S.
922 2389 1117 2494 sepulchro
1140 2401 1300 2496 peracto.

205 2573 353 2641 Militum
373 2575 495 2638 creatio
523 2574 596 2638 sive
623 2575 791 2657 percussio
813 2575 847 2638 in
879 2572 1040 2638 dominico
1061 2575 1233 2658 sepulchro
1262 2575 1300 2641 lit
1436 2612 1445 2625 -

130 2675 219 2741 nodo
257 2679 366 2764 dicto,
403 2679 457 2744 iol.
486 2679 550 2744 184
582 2679 620 2741 ll.
684 2679 832 2764 iuungam
864 2687 973 2741 antem
1012 2682 1136 2762 occepit
1167 2699 1298 2764 moram,

129 2789 302 2866 autequam
324 2802 437 2848 omues
457 2793 711 2868 percuterentur,
733 2803 795 2846 nec
815 2789 1024 2866 potueramus
1045 2783 1169 2846 Missas
1187 2783 1300 2847 celeb-

25 2960 31 2984 Ι
131 2901 198 2948 rare
217 2897 296 2951 ante
318 2887 415 2952 linem
448 2891 681 2972 percussionis.
723 2887 945 2971 vigilavimus
973 2893 1082 2950 tamen
1114 2905 1227 2951 omnes
1264 2895 1299 2952 et
1356 2867 1367 2896 ⁸

133 2989 202 3056 loca
227 3001 348 3058 sancta
373 3009 446 3056 cam
481 2991 657 3057 luminibus
688 2991 968 3075 perlustravimus.
1020 2988 1120 3052 Porro
1153 2987 1298 3070 ugiliam

132 3097 212 3162 ullius
235 3099 348 3164 noctis
368 3105 402 3160 ct
422 3097 695 3181 peregrinationis
715 3115 774 3179 per
793 3096 866 3159 loca
887 3101 1002 3158 sancta
1019 3093 1129 3176 templi
1150 3102 1184 3155 et
1208 3091 1300 3174 Jeju-

132 3201 214 3268 uon
238 3214 273 3270 et
296 3203 461 3281 oralones
482 3219 573 3266 meas
594 3219 634 3265 ac
655 3199 857 3283 devotiones,
878 3217 973 3285 quae,
994 3217 1054 3281 pro
1078 3197 1188 3261 dolori
1210 3199 1299 3280 tepl-

131 3303 195 3388 dse‚
216 3307 386 3372 taediosae
406 3316 439 3369 ct
458 3323 563 3389 poene
583 3307 718 3370 inutiles
739 3313 841 3388 orant,
860 3303 1005 3369 ordinavi
1018 3321 1076 3387 pro
1094 3301 1157 3378 hu,
1179 3303 1298 3385 quitus

131 3413 355 3494 promiseram,
378 3409 464 3494 quod
484 3411 518 3474 in
550 3410 631 3474 locis
666 3409 790 3476 unctis
818 3414 1005 3477 memoriam
1041 3425 1150 3471 eornm
1175 3407 1298 3470 habere

131 3515 252 3599 veliem,
275 3523 313 3580 et
332 3534 391 3598 pro
412 3517 495 3578 meis
516 3513 736 3582 dilectissimls
756 3515 930 3598 iratribus,
958 3521 994 3576 et
1023 3512 1296 3594 umetruoriuus,

133 3623 184 3702 qui
203 3623 281 3688 milri
292 3639 421 3684 mamm
439 3619 628 3702 adjutricem
639 3628 861 3704 porrexerant,
883 3617 1297 3700 contribueutosimpensas

134 3723 245 3789 odilla
264 3725 475 3791 sanctissima
504 3722 586 3787 loca.
629 3725 740 3788 Medio
768 3726 852 3789 eninr
885 3733 1050 3806 ternpore,
1082 3739 1147 3806 quo
1177 3720 1297 3786 milltes

134 3831 406 3912 percutiebantur,
434 3829 566 3894 ascend
597 3827 639 3891 ad
676 3834 826 3892 sanatum
860 3837 1000 3894 montem
1022 3826 1218 3910 calvariae,
1263 3833 1297 3890 et

136 3941 267 3996 secem
288 3931 410 4000 lumine
429 3944 464 3998 et
481 3941 657 3998 atramento
676 3935 783 4020 posito
800 3941 882 3996 -anio
904 3953 965 4016 me,
987 3932 1058 3998 sedi
1071 3931 1167 4015 juxta
1185 3949 1297 4016 rupem

138 4037 390 4122 rudissimam,
422 4040 456 4102 iu
477 4057 542 4124 qua
561 4045 678 4103 sancta
705 4055 787 4102 crux
809 4055 881 4101 cum
897 4035 1062 4103 Crucitixo
1083 4044 1236 4121 steterat,
1264 4043 1300 4100 et

137 4140 270 4204 omnium
281 4145 461 4227 conscripsi
471 4144 612 4226 nomina,
625 4159 685 4225 prc
702 4141 819 4226 quibus
836 4161 928 4210 orare
938 4141 1140 4229 insinguiarl
1156 4141 1299 4225 promise

139 4255 208 4325 nm,
226 4255 258 4310 et
269 4265 327 4330 pro
344 4251 461 4331 quium
474 4248 621 4314 terrebar.
664 4246 706 4310 lit
716 4247 897 4310 nominibus
911 4246 1060 4330 signatis,
1071 4248 1157 4310 sicut
1176 4245 1210 4307 in
1220 4245 1298 4308 lite·

137 4346 203 4428 ὥ,
214 4353 341 4418 secem
351 4352 600 4421 cumchartaad
610 4351 714 4436 ipsam
729 4367 840 4436 rupen
849 4358 1007 4434 sauciam,
1018 4359 1052 4414 et
1064 4349 1107 4414 ibi
1116 4365 1203 4433 mnu
1212 4347 1298 4412 uero

1208 4651 1222 4687 d
