3204 5216
99 415 352 484 summentium
374 419 582 484 hluerimus
604 439 664 506 per
695 420 783 486 iilam
805 421 892 487 viam
923 437 988 486 non
1019 421 1115 489 tactio
1145 405 1291 488 niueam

100 523 240 588 Audeo
257 523 377 609 elicere,
399 524 486 610 qued
506 526 539 588 in
566 545 619 590 nte
639 528 711 611 ipso
732 537 765 592 et
782 527 817 590 in
837 526 911 590 aliis
931 527 1030 590 sociis
1053 528 1134 592 moia
1154 528 1292 611 majores

97 629 272 692 miserias
289 638 322 693 et
333 628 535 694 deiectiones
555 629 714 714 expertus,
730 648 802 696 sum
815 631 850 694 in
868 632 1295 714 peregrinatione-lordonis

103 742 247 796 tanturn
274 735 309 798 in
334 735 438 818 pri-a
466 753 539 797 mea
567 739 830 820 pereginaticne,
863 753 960 820 quam
991 737 1026 798 in
1054 737 1203 802 ornatibus
1227 741 1291 804 viis

104 838 288 902 umiae
302 839 580 922 peregrinationis
624 841 725 924 igitur
746 841 936 904 intenebris
952 845 1101 904 venimus
1123 841 1165 906 ati
1186 841 1291 907 saltam

107 951 146 1005 et
173 943 284 1008 divor
299 944 493 1027 praecipitas
522 954 555 1007 et
582 946 618 1007 in
638 963 812 1010 ascensum
846 946 1103 1028 praecipitiorum
1132 948 1291 1031 cogebant
1369 945 1375 961 '

108 1065 182 1112 area
205 1047 248 1110 tle
263 1049 366 1111 esuris
394 1046 612 1132 descendere,
644 1059 678 1116 et
703 1049 875 1134 perlustres
895 1052 953 1133 ire,
975 1061 1007 1114 et
1028 1053 1086 1115 vix
1107 1061 1291 1134 poteramus

110 1155 247 1237 spirare
267 1171 347 1236 prae
368 1152 489 1222 inedia.
532 1153 611 1218 viti
622 1155 741 1218 mattos
754 1157 943 1239 peregrinos
959 1157 992 1219 in
1008 1158 1112 1221 asitris
1126 1157 1290 1242 sedentes,
1334 1197 1349 1231 a

111 1264 175 1344 qni
199 1278 265 1323 ncn
286 1268 435 1344 poterant
461 1277 541 1343 prae
572 1258 737 1322 (labilitate
763 1259 891 1324 frenum
922 1258 1017 1324 aselli
1043 1270 1169 1345 tenere,
1203 1262 1306 1328 aude'

111 1366 221 1450 aliqui
243 1365 408 1428 eleusinia
429 1363 590 1428 cadebam
622 1373 656 1426 et
676 1362 821 1428 dimissis
842 1366 948 1428 asinis
969 1367 1003 1428 iu
1023 1367 1289 1452 coemptabant,

112 1487 205 1555 quos
226 1480 335 1534 tameu
355 1469 529 1534 sarraceni
549 1483 623 1531 cnm
654 1467 877 1551 indignatione
904 1471 1079 1554 procedere
1116 1475 1288 1557 cogebant.

112 1577 281 1639 Laborem
306 1573 395 1638 illins
415 1573 539 1638 itineris
559 1572 791 1638 intolerabilem
813 1571 971 1638 reddebat
993 1577 1099 1640 noctis
1120 1576 1227 1661 celige
1256 1585 1291 1639 ot

112 1680 296 1766 pericnlum
316 1678 576 1764 praecipitiorum
606 1685 640 1739 et
667 1677 817 1741 debilitas
838 1681 1072 1763 perigrinorum
1103 1690 1137 1745 et
1166 1683 1289 1765 imper·-

113 1795 199 1849 tuua
233 1783 407 1848 stimulatio
438 1781 709 1866 sarracenorum
742 1785 940 1850 sicutenim
969 1789 1102 1870 sangae
1131 1785 1288 1852 ducentes

112 1892 234 1974 gravia
252 1889 394 1973 pondera
413 1887 448 1950 iu
469 1888 618 1951 curribus
639 1905 698 1969 per
727 1891 918 1972 praecipitia
951 1901 985 1954 et
1004 1893 1109 1956 clivos
1130 1895 1288 1957 montium

114 1997 206 2060 altos
240 1993 402 2059 continuis
426 1983 622 2056 elamoribus
651 2001 684 2056 et
710 1994 900 2058 verberibus
921 1995 1044 2060 bestias
1071 1997 1233 2060 minantur
1253 2003 1288 2058 et

115 2099 297 2182 summanr,
317 2099 367 2161 sic
387 2099 489 2161 nostri
508 2096 661 2161 ductores
681 2097 755 2160 sine
774 2099 1011 2163 intermissione
1031 2117 1093 2162 nos
1112 2107 1145 2160 et
1162 2077 1290 2162 omum

4 2273 5 2276 ,
117 2213 252 2270 nostrae
272 2201 479 2266 stimulabant
500 2221 559 2285 par
578 2203 651 2264 vies
672 2202 976 2285 periculosissimas,
997 2203 1032 2265 in
1053 2203 1170 2286 quihus
1189 2216 1288 2266 coms
1312 2264 1319 2282 ,

116 2311 245 2374 bestiae
265 2325 352 2371 mors
373 2317 408 2370 et
427 2305 649 2390 praecipitatio
671 2306 791 2369 inisset
822 2307 972 2374 hominis.
1016 2307 1110 2372 Adeo
1131 2305 1232 2371 durus
1254 2314 1288 2372 et

120 2415 234 2499 gravis
262 2422 330 2476 eret
353 2411 443 2476 labor
462 2411 527 2495 ille,
550 2409 636 2494 quod
657 2411 686 2473 ai
711 2411 880 2495 quiscum
906 2413 1028 2476 lumine
1047 2413 1293 2497 peregrinetur¹

120 2521 223 2583 iacies
240 2517 482 2600 contemplatus
503 2517 638 2600 murat,
661 2516 834 2580 madentes
861 2517 1012 2584 maxillas
1039 2531 1119 2602 prae
1146 2517 1290 2584 tocnmte

119 2623 258 2688 vidisset
288 2631 321 2684 et
353 2623 468 2686 oculos
497 2639 576 2705 prae
596 2620 673 2683 fletu
696 2622 852 2686 rubentes
872 2641 1002 2706 eorum,
1032 2625 1087 2706 qui
1114 2625 1148 2687 in
1168 2624 1289 2687 nostris

119 2724 265 2813 partibus
285 2743 375 2809 auro,
406 2735 542 2809 argento
572 2731 608 2787 et
641 2727 781 2808 gemmis
808 2735 971 2790 ornantur.
1013 2723 1136 2792 Audivi
1167 2730 1205 2790 in
1232 2725 1289 2790 illa
1402 2740 1412 2762 ⁴

120 2841 220 2897 noete
238 2839 407 2916 gementes
427 2839 460 2892 et
485 2830 604 2892 flentes
625 2839 659 2892 et
681 2831 838 2913 quosdam
857 2840 999 2914 orantes,
1021 2831 1194 2895 nonnullos
1208 2842 1310 2903 aare·

120 2936 349 3002 nundinantes
360 2935 422 2998 sibi
433 2934 533 3017 ipsis,
552 2935 637 3019 viae,
658 2944 774 3019 terrac,
795 2935 928 2998 militiae
946 2952 1029 3000 suae
1045 2933 1290 3004 etSarraeenir.

119 3041 215 3109 Alica
234 3059 315 3104 vero
337 3039 447 3106 aeolici
467 3057 525 3122 pro
545 3039 598 3102 sui
619 3041 815 3104 eiuratione
836 3042 1045 3130 mussitantes
1073 3041 1109 3102 iu
1135 3057 1175 3102 se
1195 3038 1286 3121 ipris.

119 3145 187 3208 Sed
208 3147 242 3208 in
263 3145 315 3209 tris
337 3147 486 3208 omnibus
507 3145 773 3228 comperegrinus
793 3153 828 3210 at
853 3147 966 3209 sociae
993 3158 1126 3209 nostrae
1143 3159 1289 3209 mosae

118 3249 252 3314 vetulae
270 3249 503 3314 antecedebant
526 3265 606 3334 noe,
633 3251 870 3334 praeripientes
890 3250 963 3314 loca
985 3251 1140 3333 militnm,
1161 3257 1196 3312 et
1225 3263 1291 3312 aec

118 3357 307 3438 gemebant,
339 3371 401 3418 nec
424 3352 498 3436 (B)
519 3357 797 3438 conquerebantur
828 3355 870 3419 ‹le
890 3355 1019 3437 labore,
1047 3354 1121 3418 red·
1136 3354 1308 3418 iortlorcs·

116 3460 202 3523 ¹viris
245 3467 279 3522 et
324 3458 480 3532 militibus
515 3458 707 3524 audaciores
737 3463 860 3544 primae
887 3461 921 3523 in
951 3463 1023 3522 aeia
1059 3452 1286 3544 procedebant.

117 3563 273 3646 lagnon
294 3561 526 3629 uerecundiam
548 3564 713 3628 iaciebant
732 3568 827 3630 nolis
847 3566 931 3628 istae
951 3565 1082 3627 vetulae
1102 3561 1287 3630 amicieri-
1322 3607 1327 3619 ·

118 3667 293 3751 mutate,
331 3667 418 3731 unde
443 3666 572 3752 quidam
603 3669 697 3732 miles
718 3669 801 3734 dixit
819 3671 914 3734 milri:
947 3685 1036 3752 ecee,
1070 3667 1190 3752 aar«,
1221 3679 1286 3732 nn
1319 3687 1329 3710 ³

120 3772 218 3838 mdo
238 3774 300 3840 naa
319 3769 451 3837 vetulas
472 3787 549 3836 esre
570 3773 737 3858 faeminas,
758 3775 819 3838 sed
841 3775 1112 3855 daemonessnnt,
1134 3758 1287 3848 mtnieree

118 3879 213 3960 euim,
235 3875 426 3962 praesertim
448 3887 701 3961 annumerant
723 3879 867 3964 tregias,
896 3887 1028 3944 tenerae
1055 3886 1089 3941 et
1118 3877 1286 3958 delicatae,
1300 3892 1324 3933 .·

119 3982 329 4048 maerorem
349 3991 427 4046 suot
448 3983 585 4068 terrem,
609 3983 738 4050 cunctis
754 3983 912 4049 miiitilres
924 3983 1082 4049 iortiores.
1126 3980 1285 4066 Optabam

120 4085 324 4152 Salomonem
345 4085 484 4155 affuisse
502 4087 537 4151 iu
557 4099 670 4154 nostre
681 4090 836 4173 mereto,
859 4097 891 4152 et
905 4089 1086 4154 invenisset
1101 4105 1166 4152 non
1177 4097 1284 4167 aem,

32 4257 40 4269 ,
121 4191 178 4256 sed
199 4193 313 4276 plures
330 4189 488 4256 mulieres
510 4193 621 4258 sortes.
665 4189 734 4259 Sne
752 4211 893 4278 namque
911 4203 1055 4278 tempore
1075 4191 1188 4256 statuit
1209 4207 1286 4272 pre-

120 4296 196 4362 titnn
216 4298 312 4363 anius
333 4296 478 4363 mulieris
502 4297 596 4367 iortta
618 4296 660 4362 do
678 4297 801 4364 ultimis
822 4297 942 4363 fluibus
958 4296 1080 4380 mundi,
1102 4307 1137 4361 ut
1150 4295 1286 4367 matur
