3212 5206
142 462 146 474 ’
259 487 292 542 ot
321 478 474 562 frangens
496 477 604 559 potius
624 475 725 540 verba
740 492 837 559 quam
857 474 1072 559 praeloquens
1092 475 1176 546 iuter
1193 475 1356 539 horrentia
1377 491 1435 538 ora

258 583 340 646 satis
360 580 512 646 blandum
533 581 695 662 quaesivit
716 581 893 664 eloquium,
917 591 951 645 et
972 597 1045 643 cum
1079 579 1194 644 dextra
1215 597 1331 642 manns
1353 598 1434 662 pro-

259 688 406 749 tensione
426 685 569 766 cupitum
591 684 712 748 indicat
733 687 811 770 iter,
840 696 873 750 et
894 687 943 749 sic
964 702 1023 767 per
1044 693 1193 768 patentes
1214 701 1347 768 campos
1369 701 1434 746 vo-

258 789 379 854 litando
410 791 634 853 transmittens
667 808 705 854 se
736 793 770 854 in
792 791 900 874 lugam
923 808 965 852 ex
996 789 1099 853 oculis
1132 789 1276 853 mirantis
1310 789 1432 868 everrit,

258 903 458 976 stupensque
490 893 656 957 Antonius
678 903 710 957 et
731 895 773 958 de
794 915 843 975 eo,
877 895 964 980 quod
987 893 1124 974 viderat,
1145 910 1258 956 secum
1291 892 1432 955 volvens

121 1019 124 1030 ·
257 999 392 1062 ulterius
415 998 697 1081 progrediebatur3
728 1017 789 1065 nec
810 1019 916 1082 mora,
951 1002 1035 1062 inter
1062 1013 1214 1060 saxosam
1248 995 1431 1059 convallem

258 1103 345 1166 haud
366 1103 522 1185 graudem
542 1103 768 1167 homunculum
791 1103 880 1166 videt
903 1103 1039 1166 aduncis
1061 1102 1204 1183 naribus,
1228 1101 1333 1164 lroute
1354 1118 1432 1163 cor-

258 1208 354 1271 nibus
373 1215 534 1290 asperata,
547 1206 641 1289 cnjus
661 1219 806 1272 extrema
830 1219 916 1291 pars·
929 1211 1073 1292 corporis
1091 1209 1124 1270 iu
1147 1201 1316 1288 caprarum
1330 1203 1432 1287 pedes

259 1312 436 1375 desinebat.
480 1311 533 1374 Ad
556 1311 618 1376 hoc
640 1311 861 1396 spectaculum
893 1311 1057 1375 Antonius
1089 1319 1217 1374 scutum
1239 1308 1315 1372 iidei
1346 1310 1432 1370 arri-

258 1418 328 1500 puit
354 1423 389 1478 ot
422 1425 630 1478 memoratum
652 1417 769 1481 animal
792 1416 968 1499 palmarum
991 1417 1115 1479 fructus
1140 1413 1244 1478 eidem
1265 1413 1308 1477 ad
1328 1414 1430 1475 viati-

258 1537 332 1585 cum
371 1511 466 1605 qnasi
504 1521 596 1601 pacis
628 1520 760 1584 obsides
813 1520 979 1591 offerebat.
1034 1519 1106 1599 Quo
1138 1522 1270 1603 cognito
1308 1517 1430 1601 pressit

257 1624 380 1708 gradus
398 1623 560 1687 Antonius
580 1631 626 1704 ot,
647 1626 795 1707 quisnam
817 1634 919 1708 asset,
940 1627 1144 1709 interrogans
1156 1625 1218 1688 boo
1236 1639 1429 1707 responsum

260 1729 301 1791 ab
323 1748 362 1792 eo
384 1727 472 1792 tulit:
503 1728 646 1792 mortalis
668 1747 730 1812 ego
752 1747 825 1794 sum
852 1737 887 1792 et
908 1749 994 1794 unos
1015 1749 1057 1793 ex
1078 1729 1200 1792 accolis
1222 1729 1330 1809 eremi,
1346 1743 1429 1813 quos

258 1834 349 1896 vario
376 1831 488 1895 delusa
509 1851 617 1896 errore
640 1833 804 1918 gentilitas
825 1836 891 1918 (b)
914 1836 1029 1899 faunos
1050 1843 1083 1898 et
1116 1841 1247 1916 satyros
1269 1839 1302 1892 et
1332 1829 1429 1891 incn-

259 1937 318 1998 boa
338 1937 431 2018 colit;
464 1936 626 2019 legatione
657 1940 774 2023 longor
801 1941 913 2024 gregis
945 1957 1050 2002 meae:
1079 1955 1268 2020 precamur,
1302 1942 1338 1997 ut
1367 1951 1427 2016 pro

258 2039 352 2103 nobis
372 2058 569 2130 communem
582 2039 752 2106 Dominum
778 2043 972 2126 depreceris,
994 2062 1088 2126 quem
1110 2060 1168 2124 pro
1188 2039 1295 2104 salute
1316 2036 1428 2100 mundi

258 2144 332 2208 olim
354 2146 486 2209 vertisse
507 2147 727 2229 cognovimus.
751 2149 843 2210 llaec
865 2148 970 2211 bestia
994 2149 1146 2231 loquente
1166 2145 1327 2208 Antonius
1349 2159 1428 2224 prae

206 2267 208 2273 ’
257 2248 376 2331 gaudio
405 2245 554 2313 lacrimas
586 2251 668 2314 indit
701 2252 881 2336 baculoque
913 2263 1029 2316 terram
1059 2252 1243 2334 percutiens
1264 2250 1326 2310 ait:
1361 2264 1426 2310 vae

257 2353 317 2414 tibi
344 2352 560 2437 Alexandria,
581 2373 665 2438 qnae
685 2375 744 2438 pro
774 2357 845 2420 lieo
870 2366 1019 2440 portenta
1040 2357 1225 2436 venereris,
1255 2351 1333 2435 quid
1354 2351 1428 2415 dic-

256 2465 330 2522 tura
350 2475 387 2520 es
406 2459 532 2521 bestiae
545 2457 711 2523 Christum
733 2457 903 2544 loquenti?
924 2462 997 2527 Nec
1019 2461 1094 2524 dum
1117 2463 1218 2524 verba
1238 2456 1427 2539 compleve-

256 2571 306 2624 rat
329 2570 363 2624 et
383 2563 476 2647 quasi
500 2565 677 2646 pennigero
696 2565 806 2628 volatu
826 2567 988 2649 petulcum
1012 2565 1130 2629 animal
1151 2563 1287 2646 aufugit.
1333 2558 1428 2638 Quo·

256 2665 330 2728 dam
365 2675 511 2749 tempore
543 2667 723 2733 istiusmodi
755 2672 851 2734 bomo
882 2689 968 2734 unus
999 2671 1173 2754 perductus
1204 2677 1253 2730 est
1276 2665 1426 2729 Alexan-

23 2855 26 2863 ,
121 2853 129 2868 f
255 2769 366 2834 driem-
382 2781 415 2835 et
445 2791 595 2855 magnum
617 2774 736 2858 populo
769 2775 989 2857 spectaculum
1011 2775 1157 2858 praebuit
1177 2781 1211 2835 et
1232 2780 1357 2854 postea,
1380 2787 1424 2832 ne

255 2875 398 2938 cadaver
426 2875 586 2950 exanime'
603 2879 711 2942 calore
744 2880 825 2944 solis
857 2889 889 2943 et
918 2881 1052 2943 aestatis
1086 2878 1319 2960 dissiparetur,
1354 2874 1425 2937 sale

252 2977 396 3044 inlusum
419 2980 459 3043 ad
481 2982 683 3046 Antiochiam
705 2983 888 3067 imperatori
910 2983 1086 3049 videndum
1108 2983 1242 3045 allatum
1261 2989 1323 3048 est.
1353 2981 1425 3042 Hos

254 3101 316 3166 ego
337 3103 399 3148 nec
427 3083 530 3148 Fauni
552 3107 613 3150 uec
642 3087 776 3152 Saturni
798 3090 881 3154 lilios
902 3089 1050 3171 credam,
1080 3086 1154 3150 dum
1185 3085 1330 3149 homines
1358 3084 1424 3164 isti,

253 3188 300 3249 illi
322 3207 400 3251 vero
422 3189 573 3252 animalia
594 3191 689 3253 bruta
710 3192 785 3254 sint.
829 3191 897 3256 Sed
915 3193 1073 3276 possibile
1094 3200 1159 3273 est,
1182 3190 1269 3253 circa
1290 3188 1423 3252 Saturni

254 3291 481 3374 temporanei
515 3294 619 3356 Fauui
641 3313 682 3356 ea
712 3297 763 3359 cis
792 3306 881 3362 ortus
918 3308 970 3362 est
1004 3316 1092 3361 error
1113 3305 1146 3360 et
1172 3295 1213 3358 de
1241 3293 1289 3355 eis
1320 3291 1422 3374 primo

251 3395 396 3458 recitatio
418 3396 501 3458 inter
518 3396 724 3460 mulierculas
745 3401 857 3463 haberi
879 3404 994 3485 coepit.

332 3501 470 3564 Decimo
508 3507 621 3580 quarto
657 3501 797 3568 solitudo
824 3506 879 3568 vel
908 3505 1071 3569 desertum
1093 3510 1147 3567 est
1173 3503 1265 3566 locos
1287 3498 1422 3562 daemo-

249 3621 344 3687 nnm,
376 3603 464 3668 uude
492 3603 612 3667 Tobiae
640 3605 729 3669 Vlll.
760 3609 893 3694 legitur,
924 3609 1010 3694 qnod
1038 3608 1254 3691 archangelos
1275 3601 1423 3686 liaphael

248 3708 398 3792 religavit
418 3708 618 3772 Asmodeum
638 3713 670 3772 iu
704 3711 865 3778 desertum
887 3717 1063 3799 superioris
1090 3713 1244 3795 Aegypti.
1287 3711 1330 3772 itt
1350 3708 1422 3771 llo-

250 3814 355 3876 miuus
376 3811 493 3876 ductus
515 3821 569 3877 est
589 3814 622 3878 in
645 3814 828 3902 desertum,
856 3831 890 3883 ut
913 3803 1066 3883 diabolus¹
1081 3837 1154 3881 eum
1176 3818 1220 3880 ibi
1249 3815 1419 3878 inveniret.

330 3918 470 3999 Propter
490 3935 552 3980 sex
583 3929 759 4002 sequentes
779 3923 902 3993 deserti
922 3924 1127 3989 conditiones
1155 3921 1317 3985 intrabant
1345 3914 1420 3980 olim

246 4019 393 4084 homiues
411 4031 526 4084 sancte
548 4025 661 4087 vivere
683 4029 864 4108 cupientes.
907 4027 1001 4091 Unde
1022 4029 1055 4090 in
1081 4026 1194 4110 regula
1212 4023 1300 4088 beati
1320 4022 1420 4086 dero·

246 4126 336 4207 nymi
358 4123 438 4207 Cap.
459 4125 518 4195 tx.
540 4126 870 4214 laudatderouymus
892 4131 1076 4214 desertum,
1098 4131 1228 4194 diceus:
1252 4127 1281 4191 0
1303 4127 1420 4191 deser-

246 4237 313 4292 tum
336 4228 447 4292 decem
466 4229 600 4294 floribus
623 4252 781 4312 vernaus,
803 4254 823 4298 o
845 4236 1003 4319 solitudo,
1025 4238 1059 4300 iu
1080 4253 1145 4319 qua
1166 4235 1213 4298 illi
1239 4239 1420 4298 nmeoutur

245 4333 387 4417 lapides,
405 4333 447 4398 de
465 4336 584 4417 quibus
605 4339 683 4400 urbs
704 4339 802 4402 beata
822 4343 1029 4419 construitur,
1051 4362 1072 4403 o
1104 4359 1232 4404 eremus
1254 4338 1419 4404 familiaris
