3132 5206
855 287 899 354 8⁴

294 467 420 550 lapides
433 473 534 548 erant,
549 461 774 550 limpidissimi,
795 463 837 531 sd
851 462 1036 546 jaciendum
1058 470 1136 551 epti.
1188 469 1456 552 itaergostaiurt

294 573 341 638 iiii
363 581 476 636 eontra
497 571 579 634 istos
601 577 633 632 et
654 560 923 634 melonitani·
951 571 1082 636 Patroni
1102 583 1134 636 et
1151 573 1457 637 'l'rutsohelmsnnos

294 677 405 740 inuitis
421 675 585 740 laboribus
596 691 709 758 pacem
723 675 879 759 iecerunt,
901 683 935 740 et
951 695 1038 740 nnnc
1058 677 1112 742 hio
1131 695 1225 740 nnnc
1244 679 1290 742 ibi
1302 677 1458 742 temnitur
1538 703 1540 724 κ

292 780 463 861 sedabant,
485 780 562 864 qnia
583 778 702 843 multos
723 799 846 844 vexare
857 789 1040 864 coeperant.
1085 779 1165 844 Cum
1185 790 1301 846 entem
1317 781 1459 846 tumultus

292 886 429 950 sedatus
451 895 540 949 osset
572 893 605 948 et
635 885 744 949 cuncti
766 885 916 968 silerent,
953 883 1082 968 qnidam
1104 885 1315 950 Sarracenus
1344 884 1460 951 occulto

288 991 415 1074 jactare
434 991 541 1073 coepit
564 1006 636 1052 oum
659 987 824 1073 lapidibus
852 991 1083 1054 inexercitum
1113 992 1372 1074 peregrinorum.
1412 987 1460 1051 Ad

292 1096 356 1160 hoo
375 1095 560 1160 resuscitati
582 1112 696 1176 omnes
718 1093 760 1156 ad
782 1092 907 1177 lapides
940 1098 1141 1158 cucurrimus
1178 1105 1215 1158 et
1243 1113 1321 1158 enm
1342 1093 1461 1176 mamis

291 1199 486 1264 clamoribus
521 1197 845 1262 'l'rntschelmannnm
884 1199 1109 1263 invocavimus
1144 1207 1177 1262 et
1217 1207 1377 1282 patronos
1386 1236 1399 1273 ,
1430 1205 1462 1259 ut

291 1313 498 1390 protegerent
519 1321 579 1366 nos
604 1305 644 1366 eir
672 1303 744 1367 istis
775 1303 963 1366 latronibus.
1007 1303 1050 1365 in
1070 1303 1201 1387 quidam
1227 1303 1272 1366 de
1293 1302 1412 1368 nostris
1430 1303 1461 1363 in

52 1440 67 1463 -ν
131 1367 139 1379 ¹
191 1469 198 1488 ,,
270 1409 491 1473 -Ssrracenos
511 1406 638 1490 lapides
659 1407 831 1489 misemnt,
852 1407 1091 1490 propterquod
1113 1409 1186 1471 irsii
1220 1427 1301 1472 cnm
1332 1405 1461 1470 exemtis

145 1555 152 1564 -
261 1527 265 1535 ·
292 1512 412 1596 giediis
434 1511 688 1594 descenderunt,
716 1520 871 1594 cogentes
887 1529 958 1594 nos,
978 1511 1105 1595 lapides
1133 1512 1268 1576 levatos
1290 1512 1460 1594 deponere·

291 1616 419 1680 Videns
440 1626 548 1681 autern
569 1615 879 1706 'l'rutscheimannus
900 1617 1155 1700 Sabothytence‚
1179 1616 1322 1681 (ialinus
1355 1615 1461 1697 major,

239 1801 243 1814 Ι
290 1719 376 1805 qnod
406 1722 499 1784 ambo
531 1730 641 1806 partes
678 1715 790 1801 (105
813 1721 875 1799 Α)
908 1721 1160 1785 exardescerent
1192 1722 1227 1785 in
1262 1722 1406 1784 invicem
1431 1725 1461 1780 et

199 1820 242 1896 ‘¹'
290 1817 440 1888 dentibus
462 1826 645 1907 fremerent,
677 1823 868 1908 desperatus
897 1825 938 1889 de
966 1843 1048 1908 pace
1065 1825 1167 1907 jussit
1194 1843 1338 1908 surgere
1365 1831 1460 1887 totum

287 1929 468 1992 exercitum
489 1929 531 1992 ed
552 1941 727 1992 recessum.
769 1929 813 1991 Dt
833 1930 879 1992 ita
900 1931 1009 1994 minos
1032 1931 1240 1994 ascendimus
1263 1939 1297 1993 et
1331 1929 1373 1992 de
1392 1927 1459 1989 loeo

244 2053 250 2065 ·
276 2025 347 2096 'iilo
369 2033 543 2098 maledicto
565 2034 770 2096 recessimus.
813 2033 922 2115 Hujus
948 2033 1012 2098 loci
1037 2035 1283 2100 insecuritatern
1306 2032 1460 2097 Dominus

281 2137 391 2202 -Jesns
419 2147 574 2202 memoret
595 2138 707 2202 iuncte
727 2138 769 2200 X.
803 2137 844 2200 de
866 2158 916 2222 eo,
945 2141 1001 2223 qni
1024 2138 1191 2203 descendit
1212 2141 1257 2204 de
1277 2135 1458 2203 Jerusalem

288 2244 322 2307 in
338 2243 483 2320 iericho,
508 2245 563 2327 qui
585 2241 698 2306 incidit
719 2242 752 2304 in
774 2241 927 2306 latrones.
970 2246 1108 2327 Deque
1130 2245 1255 2327 patebit
1275 2245 1333 2307 iol.
1349 2237 1456 2306 sits.

288 2347 332 2413 Di
353 2347 591 2430 quodammodo
611 2349 644 2410 in
667 2346 778 2428 mojori
807 2348 1034 2429 periculones
1056 2349 1185 2431 fuimns,
1218 2352 1298 2433 qnia
1320 2349 1458 2410 latrones

288 2450 455 2513 nobiseum
485 2453 519 2514 in
549 2453 671 2514 nostris
693 2453 847 2532 expensis
869 2453 1029 2517 duximus.
1084 2452 1288 2518 'l'olerabiies
1323 2453 1457 2515 inissent

288 2551 433 2616 lenones
453 2555 565 2638 ignoti,
587 2557 664 2638 quie
686 2554 818 2617 dicitur:
842 2557 961 2620 inimici
984 2558 1151 2624 domestici
1170 2561 1317 2642 pessimi.
1360 2555 1457 2619 Porro

288 2655 403 2722 domus
425 2659 496 2741 iiia,
523 2659 620 2742 juxta
640 2677 736 2743 qnam
763 2677 894 2723 mernere
917 2663 1126 2745 volebamus,
1158 2664 1263 2728 iuerat
1297 2657 1455 2748 qnondam

287 2759 473 2846 hospitium,
501 2783 589 2828 more
610 2763 823 2827 orientialinm.
866 2766 1050 2831 Aedificant
1070 2771 1157 2831 enim
1178 2771 1299 2843 inviis
1321 2760 1456 2850 publicis

289 2883 427 2951 magnios
449 2869 564 2932 domus
584 2887 658 2932 curn
679 2870 789 2932 multis
821 2871 960 2934 etebniis
981 2873 1117 2936 inierins
1144 2883 1177 2936 et
1208 2875 1339 2937 celiuiis
1357 2883 1456 2950 supc-
1543 2893 1544 2896 ¹

288 2972 367 3054 rins,
398 2991 458 3055 pro
489 2974 599 3056 quiete
631 2975 806 3038 bestiarum
828 2984 860 3038 ei
882 2977 1066 3061 hominnm,
1098 2987 1132 3042 ot
1155 2987 1221 3043 stet
1242 2977 1361 3042 domus
1388 2971 1456 3034 sim

285 3075 501 3138 inhabitatore
522 3085 555 3140 et
575 3078 647 3140 sine
666 3078 860 3159 supellectili
871 3099 943 3144 cnm
959 3093 1052 3166 porta
1072 3093 1194 3167 aperta,
1216 3081 1339 3147 etdum
1361 3071 1454 3141 alicui

286 3178 331 3240 ibi
351 3186 535 3262 transeunt,
558 3181 678 3244 intrare
699 3197 837 3265 possum
870 3193 903 3246 et
931 3187 964 3249 in
985 3191 1099 3250 umbra
1119 3189 1311 3272 quiescere,
1345 3193 1380 3248 et
1405 3194 1453 3256 ⁰⁸r

287 3297 372 3366 qnae
393 3283 577 3366 important,
598 3293 735 3366 possunt
755 3286 968 3373 manducare;
997 3293 1041 3354 iti
1068 3310 1130 3354 nec
1161 3309 1260 3355 cocus
1280 3309 1346 3354 uec
1377 3297 1453 3349 coos

287 3393 359 3447 est..
389 3385 522 3450 Habent
543 3388 628 3451 enirn
650 3389 767 3451 mmeii
788 3395 926 3458 onererii
945 3412 1025 3459 suos
1045 3405 1153 3460 certos
1174 3399 1350 3479 terminos,
1372 3401 1453 3475 (1⁰⁰⁵

285 3507 350 3552 non
372 3491 661 3577 transgredientur,
687 3493 748 3557 sed
767 3496 812 3560 ibi
837 3498 1020 3584 quieseunt,
1043 3510 1076 3563 et
1097 3503 1307 3566 communiter
1328 3501 1362 3564 in
1389 3492 1453 3560 iili·

285 3595 430 3658 terminis
451 3603 542 3658 stant
563 3595 640 3660 talia
656 3599 797 3681 hospitia
817 3621 875 3685 pro
896 3605 1006 3688 quiete
1027 3607 1201 3670 bestiarum
1223 3613 1256 3668 et
1278 3605 1449 3670 hominnm·

283 3695 358 3760 Neo
374 3703 577 3781 reperiuntur
604 3705 639 3765 in
661 3706 787 3768 oriente
809 3705 870 3768 elie
899 3707 1061 3792 hospitia,
1087 3710 1150 3773 nisi
1171 3710 1249 3774 talia
1272 3703 1450 3774 diverseris

284 3819 401 3886 vacua,
422 3806 595 3890 inquibus
617 3809 695 3872 nihil
717 3819 779 3893 est,
801 3810 864 3873 nisi
885 3811 1077 3895 qnodhomo
1094 3817 1254 3897 importet.
1296 3817 1339 3880 Di
1354 3807 1451 3878 vidc-

283 3916 353 3990 tur,
375 3910 463 3992 qnod
482 3929 611 3995 semper
629 3912 707 3977 talia
725 3913 904 3979 diverseris
925 3916 1043 3980 inerint
1076 3920 1216 4001 hospitia
1237 3917 1446 3984 orientalium.

245 4079 253 4092 ,
284 4010 378 4078 Unde
400 4013 518 4079 dicitnr
540 4015 661 4081 Genes.
681 4018 732 4081 tt.
777 4015 819 4081 de
843 4019 995 4112 iratribus
1015 4021 1152 4106 Joseph,
1173 4024 1261 4107 qnod
1282 4027 1316 4090 in
1337 4026 1446 4089 diver-
1542 4073 1543 4102 p

283 4117 371 4179 sorio
384 4119 563 4183 existentes
581 4139 667 4186 unns
679 4124 804 4206 spernit
820 4141 962 4209 soccum,
984 4133 1021 4188 nt
1043 4125 1135 4189 deret
1148 4128 1271 4194 bestiae
1284 4127 1444 4214 pabulum·
1473 4195 1477 4202 ,
1542 4176 1543 4184 ι

282 4219 325 4282 int
345 4221 451 4286 Exodi
473 4223 545 4289 ivs
578 4227 709 4290 volebat
735 4227 894 4292 Dominus
925 4229 1073 4294 occidere
1103 4230 1243 4312 Moysen
1275 4231 1309 4293 in
1336 4229 1447 4292 diver·

282 4328 370 4390 sorio
391 4337 583 4397 manentem.
637 4331 681 4396 Dt
705 4331 865 4396 Dominus
893 4341 989 4400 natus
1024 4342 1076 4398 est
1105 4335 1138 4398 in
1169 4334 1348 4400 diversorio
1378 4327 1444 4408 tali,
