3240 5222
120 467 248 598 auxilio
265 511 378 594 diuino
408 514 564 577 inuocato
587 511 714 597 'gladiis
746 516 907 578 instantes
930 511 1002 574 illos
1030 511 1063 574 in
1086 511 1193 596 lugam
1215 485 1294 576 ver-

121 627 211 702 tunt,
245 635 329 701 quos
357 619 465 680 nostri
485 618 623 702 insaepti
656 637 774 702 magua
795 637 835 682 ac
862 617 1005 681 horribili
1027 617 1128 680 caede
1146 613 1294 700 proster-
1358 665 1361 672 Α
1487 679 1491 686 ,
1588 663 1592 670 .

120 731 217 806 uuut,
237 722 338 804 ιιιοι,
360 731 398 786 ut
420 722 461 785 da
485 723 533 784 eis
555 729 681 805 septem
704 721 803 785 millia
825 723 949 805 absque
968 722 1118 804 captivis,
1135 724 1197 805 .qui
1220 722 1293 784 iue-

121 833 194 890 runt
214 825 343 909 infiniti,
360 844 400 888 ea
421 825 475 889 die
496 828 656 929 occidisse
673 827 862 890 referantur.
884 823 1025 909 iusuper
1038 826 1132 889 aliam
1151 821 1292 908 stragem

121 930 275 1014 grandem
308 933 412 1004 nostri
441 932 580 1024 intulere
611 931 796 994 infidelibus
827 932 860 994 in
895 931 992 1014 mari3
1022 931 1161 993 classem
1192 932 1292 1020 etiam

25 1089 42 1097 .-
121 1035 357 1118 Aegyptiorum
375 1036 558 1120 'fugientem
580 1037 690 1100 audita
722 1034 823 1099 caede
856 1053 986 1098 suorum
1006 1023 1125 1098 'nostri
1154 1036 1294 1116 insecuti

67 1195 71 1202 .
123 1157 196 1202 sam
218 1151 421 1225 repererunt,
444 1151 478 1204 at
497 1150 587 1204 tauta
617 1144 653 1204 ιιι
676 1149 715 1203 eo
736 1139 860 1223 proelio
881 1139 1000 1202 caedes
1024 1140 1118 1203 sacta
1150 1149 1251 1224 est,
1246 1151 1294 1204 ut

123 1243 320 1308 nascerere
340 1245 506 1313 videatur
530 1263 605 1337 narn
626 1265 718 1335 marc
737 1244 892 1331 adjacens
916 1244 958 1306 de
976 1247 1196 1350 praecipitatis
1218 1264 1293 1308 cor·
1329 1315 1334 1323 Δ
1404 1240 1408 1248 ’

77 1342 82 1348 ’
123 1349 256 1432 poribus
277 1349 319 1413 ad
348 1325 411 1412 duo
434 1329 582 1428 milliaria
603 1329 638 1412 ιιι
659 1351 796 1449 circuitu
819 1349 955 1412 colorem
978 1345 1193 1464 sanguineum
1212 1369 1294 1414 cuu-
1303 1427 1310 1440 .
1345 1361 1354 1436 '¹
1383 1429 1386 1435 Ι
1447 1428 1450 1435 Ι

124 1453 266 1518 tr'axi'asa
288 1453 414 1518 dicitur.
1246 1510 1249 1516 ,
1395 1535 1400 1546 ¹

202 1559 283 1622 Post
305 1559 406 1642 haec,
430 1558 518 1622 dum
528 1559 633 1622 adhuc
654 1579 712 1622 rex
733 1560 767 1622 iu
771 1559 975 1658 captivitate
996 1567 1105 1640 essct,
1138 1568 1293 1641 ceperunt

123 1665 227 1726 nostri
270 1645 556 1748 inexpugnabilem
595 1665 705 1728 urbem
739 1665 882 1764 Tyrum,
923 1665 1062 1727 maximo
1088 1665 1122 1726 iu
1149 1683 1189 1726 aa
1218 1664 1292 1728 lusu
1343 1738 1370 1748 μ
1411 1695 1413 1702 ,

123 1766 559 1852 sang'uineSarracenorum.
584 1770 644 1832 Est
668 1767 780 1832 autern
789 1770 897 1850 Tyrus
920 1770 1037 1832 civitas
1057 1769 1293 1852 antiquissima,

108 1876 177 1950 ¹cui
198 1870 345 1936 Severus
365 1857 595 1949 Romanorum.
606 1875 780 1955 imperatur
802 1873 843 1935 ub
872 1874 1036 1954 egregiam
1059 1875 1092 1935 iu
1116 1874 1292 1956 rempubli-
1333 1901 1337 1917 ·
1386 1877 1389 1882 '

123 1993 195 2039 cam
212 1976 427 2043 Romanorum
450 1978 621 2063 libaturus
643 1976 787 2039 italicum
812 1975 911 2058 dedit,
930 1976 1020 2059 quod
1040 1976 1180 2061 Romani
1200 1981 1293 2060 priu-
1393 1957 1448 2066 .'.
1584 2057 1596 2082 ι,

123 2083 218 2162 cipes
239 2099 304 2142 uon
324 2082 388 2144 nisi
401 2079 610 2164 paucissimis
626 2091 659 2144 et
674 2082 757 2143 bene
773 2081 895 2142 meritis
902 2079 1140 2148 concedebant.
1163 2079 1293 2158 Quanta

123 2193 231 2248 autem
262 2185 358 2248 huius
389 2188 533 2252 civitatis
567 2185 799 2270 antiquissimis
833 2185 1030 2265 temporibus
1059 2184 1163 2267 gloria
1186 2184 1292 2265 luerit,

122 2308 189 2354 uon
210 2289 314 2353 solnm
335 2291 475 2373 gentiles
497 2293 683 2376 scriptores,
705 2307 818 2352 vorum
840 2291 938 2351 otiam
959 2306 1053 2351 sacra
1066 2289 1292 2372 prophetarum

123 2397 254 2459 oracula
275 2397 444 2480 perbibent
466 2397 697 2477 testimouium,
718 2403 754 2457 ut
774 2402 867 2478 patet
888 2394 1007 2456 Esaiae
1027 2412 1055 2457 c.
1078 2393 1149 2478 ιι,
1171 2394 1291 2456 lineola

123 2501 176 2566 26.
198 2509 232 2564 et
253 2499 305 2565 27

208 2607 262 2670 Ειι
291 2606 355 2676 ιιι
383 2606 517 2670 civitate
543 2606 604 2668 fuit
626 2603 787 2668 Siclraeus
809 2611 848 2666 et
875 2603 946 2685 ejus
975 2609 1057 2667 ulror
1083 2604 1182 2686 Dido,
1210 2622 1294 2688 quaa
1371 2668 1375 2676 ,
1423 2677 1425 2682 X

67 2717 72 2725 '
126 2709 300 2774 mirabilem
323 2701 486 2775 civitatem
510 2710 740 2799 Carthaginem
763 2695 957 2772 aedificavit.
999 2709 1037 2770 ιιι
1060 2712 1122 2774 huc
1144 2709 1292 2792 regnavit

124 2815 260 2896 Hiram,
284 2815 468 2880 Salomonis
499 2824 689 2906 cooperator
717 2817 750 2876 ιιι
779 2814 888 2896 templi
911 2811 1166 2882 aedificatione.
1188 2801 1293 2895 Capta
1362 2827 1366 2834 ·

124 2923 233 2978 autern
259 2917 368 2999 Tyro
368 2935 426 2979 rex
452 2915 634 2979 Jerusalem
660 2916 762 2996 pretio
787 2915 960 2980 redemtus
982 2927 1044 2979 est
1054 2925 1088 2979 et
1118 2916 1293 3000 Jercsoly-

125 3037 211 3088 mam
232 3021 326 3084 rediit
352 3038 393 3096 ac
413 3017 670 3082 Christianorum
700 3021 960 3101 rempublicam
947 3039 1014 3103 Jam
1037 3023 1198 3084 labentem
1216 3019 1294 3083 retl-

124 3124 301 3208 integravit
344 3125 616 3206 Aritiochlamque
660 3124 933 3222 ‚ierosolymitano
977 3125 1082 3206 (ΜΟ
1094 3127 1148 3209 Α)
1192 3141 1318 3208 regno-

125 3223 289 3309 adjuuxit,
317 3226 577 3292 Ascalonitarum
611 3245 719 3310 regem
752 3213 1050 3319 jerosolymittuos
1085 3231 1293 3294 infestantem

126 3330 222 3392 unico
245 3331 363 3416 repulit
394 3333 515 3416 pr'oelio
550 3319 583 3395 et
604 3333 812 3415 halduinum,
842 3335 996 3413 Damasci
1016 3336 1179 3420 regulum,
1208 3333 1293 3397 idom
1402 3402 1407 3411 ,

126 3433 310 3498 molientem
354 3439 458 3501 tribus
485 3438 615 3521 proeliis
645 3438 743 3521 fudit,
772 3439 882 3502 multis
904 3442 1024 3523 passim
1047 3439 1184 3524 pecudis
1206 3455 1295 3501 mora

125 3541 243 3618 caesis.
287 3540 366 3605 Post
386 3543 469 3606 haec
493 3541 582 3604 dedit
610 3543 701 3605 Dens
729 3544 869 3626 quietem
899 3547 984 3629 regi,
1015 3563 1076 3608 uec
1104 3561 1205 3608 ausus
1234 3541 1296 3604 ιιιιι

126 3645 298 3729 quisquam
327 3647 358 3709 ai
388 3649 559 3729 resister03
586 3665 669 3730 pace
696 3648 912 3729 crgohabita
946 3651 988 3713 ad
1025 3646 1294 3732 augmentandum

126 3749 273 3812 divinum
294 3751 414 3816 cultum
436 3753 612 3836 processit,
645 3752 819 3839 monachos
848 3762 881 3814 et
902 3754 1073 3840 religiosos
1094 3752 1294 3835 nivernorum

126 3845 276 3921 ordinum
291 3856 338 3921 .de
360 3858 504 3942 partibus
527 3856 783 3920 Christianorum
805 3847 978 3922 advocavit
1007 3870 1040 3922 et
1060 3858 1161 3921 multa
1183 3873 1296 3920 mona-

126 3957 227 4022 steria
248 3970 314 4024 tarn
336 3981 393 4045 pro
413 3963 493 4024 viris
526 3980 620 4045 quam
649 3981 708 4044 pro
736 3961 886 4024 foeminis
916 3962 1052 4027 instituit
1088 3972 1120 4025 ct
1149 3965 1183 4024 iu
1209 3963 1332 4045 Tyro·-

128 4065 373 4128 uuiversitatem
393 4066 448 4129 vel
469 4067 622 4150 generale
650 4066 791 4129 studium
820 4066 996 4152 ordinavit,
1025 4069 1066 4132 ad
1093 4065 1179 4153 quod
1204 4064 1297 4128 multi

1 4257 3 4263 k
127 4165 296 4232 scholares
324 4169 365 4233 ιιι
392 4153 618 4235 transmarinis
646 4172 792 4254 partibus
820 4175 1046 4236 transierunt.'
1071 4171 1140 4235 Sub
1170 4189 1209 4234 ec
1231 4177 1297 4233 tre's

128 4271 305 4356 religiones
326 4276 498 4346 inchoatae
518 4285 595 4341 suut
615 4275 649 4338 iu
665 4283 781 4338 sancta
806 4279 940 4344 civitate
960 4277 1156 4344 Jerusalem.
1190 4273 1298 4336 Prima
1345 4339 1347 4344 ,
1386 4361 1389 4368 1
1478 4365 1482 4372 ι
1594 4303 1602 4318 .

128 4374 189 4454 furt
197 4379 516 4463 Hospitalitatem,
529 4380 676 4464 quamvis
698 4381 792 4443 etiarn
806 4385 886 4443 'ante
907 4385 1181 4464 recuperationem
1194 4377 1299 4440 te'rrae

798 4505 800 4510 -
956 4499 960 4506 ·
1052 4481 1087 4558 aa
