3212 5206
155 490 270 553 vivere
290 487 364 550 elne
385 485 462 568 igne
483 504 547 549 non
569 497 716 570 possunt,
739 487 814 550 lieet
836 484 961 551 Plinius
978 487 1031 551 lib.
1053 488 1083 550 o.
1106 485 1206 570 dieat,
1239 485 1326 571 quod

153 594 187 657 iu
206 601 299 675 parto
321 590 470 654 orientali
492 591 681 673 quibusdam
694 594 849 676 gentibus
863 609 943 655 usus
963 593 1050 675 ignis
1073 592 1168 655 inerit
1195 592 1326 673 ignotus

156 714 262 780 osque
292 693 333 759 ad
356 704 486 778 tompus
507 694 685 759 Ptolomaei
718 699 807 780 regis
832 696 993 780 Aegypti,
1028 705 1059 759 et
1083 705 1161 759 tuno
1188 697 1324 779 primum

153 802 261 884 ignem
282 799 472 863 habuerunt.
513 798 626 862 Credit
644 810 751 864 tamon
784 801 933 865 dominns
953 801 1134 884 Antonius,
1164 800 1239 864 illue
1261 819 1325 864 non

155 905 260 968 inisse
281 905 446 986 homines,
471 906 547 988 quia
569 912 675 987 tenet,
707 905 866 969 hominem
891 925 956 969 non
990 922 1091 988 posse
1113 907 1227 968 vivere
1247 906 1322 969 sine

155 1027 218 1073 usu
239 1009 343 1092 iguis,
364 1021 398 1074 nt
420 1018 508 1093 patet
529 1010 567 1080 Ρ.
592 1011 619 1074 1.
643 1010 704 1072 'lit
729 1011 756 1073 i.
779 1007 817 1072 C.
837 1009 868 1071 5.
892 1002 925 1094 §
952 1010 979 1073 l.

236 1111 360 1191 Quarto
383 1113 476 1179 modo
499 1124 532 1178 et
553 1116 775 1199 propriissime
795 1113 956 1176 desertum
979 1113 1095 1179 dieitur
1115 1123 1221 1178 terrae
1241 1132 1326 1198 spa-r

153 1219 250 1301 tium,
272 1219 326 1281 ubi
350 1219 429 1282 nihil
452 1238 561 1283 eorum
583 1220 718 1302 oreseit,
752 1220 869 1302 quibus
890 1220 1036 1283 b'omines
1057 1229 1089 1282 et
1110 1221 1235 1282 bestiae
1257 1239 1321 1282 nu-

152 1324 308 1406 triuntur,
330 1339 392 1386 nee
413 1325 562 1410 arbores,
592 1342 654 1387 neo
674 1325 837 1407 murina,
861 1330 893 1386 et
915 1324 969 1386 nbi
991 1342 1052 1387 neo
1082 1324 1229 1388 homines
1258 1342 1321 1388 nee

143 1427 279 1490 bestiae
297 1445 361 1490 neo
381 1446 462 1491 aves
484 1432 599 1492 vivere
619 1437 767 1512 possunt,
791 1438 858 1492 tum
877 1435 1008 1510 propter
1030 1427 1194 1491 delectum
1216 1446 1320 1511 aqua-

151 1550 237 1615 rum,
268 1541 335 1594 tum
364 1541 495 1616 propter
515 1533 595 1596 solis
622 1534 867 1618 intemperatum
896 1532 1060 1617 ardorem,
1092 1542 1159 1595 tum
1189 1541 1321 1615 propter

151 1644 257 1698 terrae
275 1636 495 1719 sterilitatem,
521 1646 552 1700 ot
583 1639 722 1701 breviter
759 1645 891 1721 propter
919 1636 1080 1699 delectum
1113 1639 1253 1701 omnium
1275 1635 1317 1698 ad

149 1742 241 1803 vitae
265 1741 414 1805 animalis
434 1743 702 1806 sustentationem
724 1742 961 1826 pertinentium.
1004 1741 1047 1805 lllt
1066 1741 1131 1804 tale
1152 1741 1317 1805 desertum
1374 1765 1377 1770 ·

149 1853 203 1908 est
225 1844 267 1908 de
288 1845 420 1909 Gazara
441 1847 481 1909 ad
503 1855 645 1910 montem
666 1847 788 1931 Synei,
811 1865 875 1910 nen
898 1845 1026 1928 quidem
1049 1848 1083 1908 in
1105 1846 1191 1910 omni
1213 1853 1316 1928 parte,

149 1950 209 2012 sed
240 1968 299 2035 pro
329 1949 440 2032 majori
472 1959 573 2033 perta
614 1953 694 2016 ll'ele
721 1951 885 2014 desertum
918 1969 981 2014 uon
1004 1951 1161 2032 reperitur
1182 1949 1214 2010 iu
1236 1946 1319 2010 Ale·

149 2056 280 2117 mannia
307 2073 368 2118 nee
389 2055 422 2118 in
451 2055 592 2118 llrenoia
619 2074 680 2119 nee
700 2058 734 2119 in
765 2055 872 2137 ltalia,
905 2054 1056 2137 quamvis
1078 2053 1226 2134 deserta,
1248 2053 1318 2144 pri·

150 2178 218 2241 mo,
240 2158 383 2222 meando
405 2168 437 2223 et
458 2162 553 2224 tertio
576 2160 669 2224 medo
692 2158 794 2236 mota,
817 2157 862 2221 ibi
882 2158 1092 2241 reperientur.

231 2264 389 2328 Deiectus
410 2273 440 2328 et
464 2265 614 2329 miseriae
635 2264 762 2328 deserti*
776 2264 861 2328 illiue
882 2263 991 2345 magni
1006 2261 1212 2325 notitieantur
1233 2259 1318 2322 mul-

146 2369 299 2450 tiplieiter
320 2371 578 2453 perscripturus
599 2387 721 2433 meras.
758 2367 853 2433 Unde
873 2369 1046 2432 Deuteron.
1069 2366 1157 2430 Vlll.
1181 2363 1315 2427 dieitur:

145 2475 307 2538 Dominus
328 2473 539 2538 ductortuus
563 2474 624 2538 init
645 2477 678 2538 in
700 2472 877 2538 solitudine
897 2490 1013 2557 magna
1038 2480 1071 2534 et
1099 2469 1249 2551 terribili,
1279 2468 1314 2531 in

147 2596 213 2660 qua
233 2587 304 2642 eret
323 2595 460 2661 serpena
481 2579 559 2642 flatu
580 2578 721 2643 adurens
743 2589 775 2642 et
796 2583 937 2662 scorpio,
959 2595 999 2641 ao
1021 2576 1132 2660 dipsas
1153 2583 1186 2638 et
1208 2573 1317 2638 nullae

147 2683 277 2746 omnino
300 2702 415 2768 aquae.
457 2685 500 2746 Et
533 2684 663 2748 Denter.
696 2683 747 2754 δί
781 2694 917 2749 venator
948 2690 1035 2746 terra
1064 2681 1193 2744 deserta
1222 2679 1343 2742 loeus·

149 2787 291 2850 horroris
312 2798 346 2850 et
366 2798 462 2853 vaeta
482 2787 632 2852 solitudo.
675 2789 718 2850 Dt
738 2790 855 2852 lliseiae
875 2789 927 2855 at.
966 2787 1083 2851 dieitur
1105 2796 1189 2849 terra
1211 2782 1316 2847 borri-

147 2890 232 2954 bilia.
269 2892 312 2956 lit
336 2894 399 2977 (b)
422 2894 479 2957 filil
500 2894 602 2957 lsrael
635 2903 889 2975 murmurantes,
907 2900 942 2956 ut
963 2892 1099 2955 babetur
1127 2889 1226 2956 Num.
1249 2887 1315 2969 tt),

146 2995 315 3060 dixerunt:
339 2995 448 3075 Quare
479 3017 540 3062 nos
561 2998 738 3062 aseendero
768 2998 876 3060 iecisti
898 2995 939 3058 de
964 2996 1115 3079 Aegypto
1144 3001 1177 3055 et
1209 2991 1314 3054 addu-

147 3101 226 3162 xisti
255 3100 286 3162 in
321 3100 423 3165 loenm
459 3105 556 3168 istum
588 3103 783 3186 pessimum,
816 3102 872 3184 qui
902 3102 968 3165 seri
1009 3119 1073 3164 unu
1106 3107 1213 3182 potest
1249 3113 1311 3160 noe

145 3201 242 3266 lioum
262 3205 367 3288 gignit
399 3225 461 3270 neo
493 3209 607 3272 vineas
635 3225 697 3269 neo
718 3206 963 3289 malogranata,
985 3207 1117 3288 insuper
1138 3214 1172 3267 et
1194 3221 1312 3286 aquam
1359 3201 1367 3216 ⁶

144 3327 209 3372 non
232 3310 329 3373 babet
350 3311 391 3374 ed
420 3312 601 3375 bibendum.
644 3311 702 3386 De
718 3329 828 3375 eorum
856 3330 1017 3376 murmure
1046 3309 1182 3373 habetur
1209 3304 1315 3370 Dx'odi

143 3413 234 3476 xvi.
257 3423 291 3477 et
311 3415 410 3479 Num.
443 3417 500 3478 Xl.
544 3417 596 3480 lix
627 3417 747 3499 qulbus
776 3414 925 3481 delectus
954 3415 1074 3478 deserti
1102 3421 1203 3498 patet.
1246 3409 1314 3474 Sed

143 3516 305 3582 deremias
326 3521 420 3602 quasi
441 3539 553 3600 omnes
573 3518 722 3584 delectus
743 3520 866 3584 deserti
886 3520 1109 3603 comploetltur
1127 3517 1248 3581 dorem.
1271 3515 1311 3578 ll.
1338 3507 1341 3516 '

143 3621 403 3704 ingratitudinem
430 3624 585 3706 objiciens
598 3623 746 3708 Judaels,
772 3624 899 3689 dioens:
920 3625 1017 3705 Veni,
1040 3623 1071 3686 td
1094 3631 1156 3704 est,
1177 3620 1312 3709 ingrati,

144 3726 223 3791 laeti
245 3736 322 3790 sunt
342 3727 462 3791 Judaei
488 3739 521 3792 et
543 3749 606 3792 non
629 3730 797 3813 dixerunt,
818 3731 873 3794 ubl
895 3739 946 3791 eet
967 3731 1079 3810 Deus,
1111 3727 1166 3810 qui
1187 3741 1309 3787 aseen-

144 3829 221 3894 dere
242 3850 303 3896 uos
327 3833 402 3896 ieoit
425 3832 467 3896 de
488 3841 572 3896 terra
594 3833 755 3918 Aegypti,
790 3838 845 3918 qul
873 3833 1058 3896 transduxit
1089 3849 1149 3894 nos
1170 3848 1228 3913 per
1251 3827 1312 3891 de-
1348 3835 1353 3846 '

143 3943 282 4019 eertum,
305 3957 363 4020 per
387 3946 503 4000 terram
525 3937 764 4002 inhabitabilem
792 3949 825 4002 et
851 3939 990 4020 inviam,
1012 3955 1070 4020 per
1098 3945 1215 3998 terram
1237 3933 1310 3997 sitis

143 4048 175 4102 et
197 4040 367 4124 imaginem
391 4044 520 4126 mortis,
540 4061 599 4125 per
620 4052 754 4124 terram,
787 4044 819 4105 in
842 4060 906 4126 qne
935 4060 998 4104 uon
1020 4041 1195 4105 ambulavit
1216 4039 1311 4103 bomo

142 4160 247 4225 oeque
269 4145 424 4210 habitavit
452 4148 563 4228 home,
584 4165 646 4211 neo
666 4147 819 4211 inuolavit
841 4167 912 4210 eam
928 4145 1013 4210 tilius
1035 4146 1183 4210 bominis.
1213 4145 1308 4205 Haeo

142 4245 195 4307 ibi.
226 4247 268 4310 Εἰ
287 4249 412 4313 Joeuee
432 4251 476 4317 V.
494 4251 651 4315 letissima
680 4259 715 4314 et
746 4251 934 4335 longissima
955 4251 1139 4314 nominetur
1158 4245 1309 4315 solitudo.

144 4349 281 4432 lnsnper
323 4354 499 4423 Denterou.
537 4357 564 4420 l.
608 4356 771 4420 dieiturr·
800 4356 1023 4418 unoetvimoe
1063 4370 1122 4436 per
1166 4365 1309 4413 eremum
