3132 5206
699 293 745 360 37

121 487 297 564 postquam
330 476 416 541 dnml
438 477 670 555 avertuntur,
690 469 805 538 eadem
828 472 1025 540 vestimenta
1043 482 1205 561 tamquam
1226 476 1301 540 the-

122 601 242 648 sauros
253 587 454 648 conservm
468 590 501 645 at
513 580 555 644 ad
565 580 690 664 proella
710 588 828 644 euntes
852 581 901 645 eis
920 579 1107 663 induuntur,
1130 579 1301 644 eradentes

125 707 166 752 se
185 687 266 752 nibil
287 685 364 749 mali
386 703 552 770 passuros.
595 685 707 768 Aliqui
728 703 865 769 pannos,
903 683 1119 750 tamdelino
1142 684 1302 770 quamde

127 793 205 856 lana
226 798 384 872 emerunt,
409 807 492 874 quoa
513 791 547 853 in
569 808 686 874 nquam
706 790 795 854 illam
814 791 1025 874 intingebant,
1055 797 1091 852 ut
1110 789 1145 852 in
1174 788 1302 860 domum
1348 834 1356 849 .

127 903 334 980 reportantes
354 897 551 958 vestimenta
580 894 621 958 ad
644 896 798 978 placitum
828 896 891 960 sibi
919 913 962 958 ax
983 895 1034 956 als
1053 893 1125 956 fleri
1148 893 1304 978 lacerent,

127 1003 248 1085 qmbus
267 999 374 1062 induti
395 1001 525 1063 fortuna
546 999 754 1064 clementius
770 1017 828 1064 eos
857 999 1020 1062 arrideret.
1070 997 1181 1080 Aliqui
1213 1017 1318 1090 eme-¹

131 1116 207 1170 rant
215 1105 372 1169 ’Venetiis
390 1123 512 1188 parvas
521 1123 707 1189 campanas,
727 1123 810 1189 quas
832 1103 873 1167 ad
882 1103 1058 1168 Jordnuem
1080 1101 1304 1166 secumduxs-

135 1214 231 1294 runt,
259 1219 306 1274 et'
325 1210 360 1272 iu
392 1212 522 1273 nomine
544 1211 712 1274 Trinitatis
744 1227 802 1274 eas
831 1211 864 1274 in
892 1209 1023 1272 flumine
1043 1208 1302 1290 baptizaverunt,

129 1319 254 1399 easque
275 1317 309 1377 in
332 1315 467 1396 patriam
489 1332 581 1376 suam
604 1309 923 1377 duxeruut.·llieunt
945 1315 1041 1396 enim,
1063 1311 1149 1396 quod
1171 1311 1305 1375 instanti

133 1427 366 1502 tempestate,
384 1429 529 1501 tempore
550 1418 730 1502 fulgurum,
751 1419 1024 1486 commotionum
1056 1424 1090 1479 et
1120 1419 1305 1500 tonitruum,

130 1527 342 1607 si·oampaua
374 1526 407 1588 in
426 1523 571 1586 Jordaue
592 1524 756 1607 baptizata
777 1523 906 1605 pulsata
935 1523 1048 1604 luerit,
1076 1539 1137 1586 nec
1169 1523 1304 1586 fulmina

131 1649 195 1695 nec
216 1627 339 1714 grando
363 1645 481 1691 nocere
501 1635 611 1711 potest
634 1645 694 1710 per
722 1636 824 1692 tntum
852 1629 1006 1710 spatium,
1020 1623 1024 1631 “
1037 1627 1073 1689 in
1104 1645 1168 1711 quc
1200 1643 1323 1710 sonus,

135 1736 194 1799 ille
215 1735 319 1798 audiri
340 1740 458 1815 potest
505 1723 572 1795 Sed
596 1731 674 1815 quid
706 1733 789 1795 haec
809 1739 873 1795 tam
897 1731 938 1794 de
958 1733 1124 1815 campanis
1145 1751 1242 1817 quam
1264 1727 1322 1795 de.

134 1839 341 1904 vestimentis
363 1835 735 1919 ianrduuebaptlnatis
756 1831 905 1901 veritatis
928 1837 1078 1921 habeant,
1100 1847 1197 1901 etan
1211 1838 1305 1922 vulgi

132 1943 253 2026 opinio,
275 1941 464 2026 quaebaec,
486 1959 570 2024 quae
584 1941 673 2005 dlcta
693 1951 779 2025 aunt,
802 1942 948 2026 affirmat,
970 1961 1050 2006 vera
1070 1942 1306 2026 sitvalsnper-

133 2048 278 2130 stitiosa,
299 2045 410 2109 videat
430 2047 483 2108 vir
503 2046 654 2129 prudens.
1323 2119 1335 2127 Ι,

219 2149 394 2215 stabamus
415 2169 494 2235 ergo
515 2152 549 2213 in
569 2169 654 2234 aqua
674 2172 748 2218 curn
767 2151 972 2234 jucunditate
994 2168 1128 2234 magna,
1159 2160 1191 2214 et
1219 2169 1305 2216 aruns

136 2255 274 2318 alterum
297 2254 585 2338 baptizabat'jcco.
649 2254 808 2334 Quamvis
830 2266 936 2320 autem
959 2255 1064 2320 adbuc
1085 2273 1180 2320 mane
1201 2255 1307 2339 tuerit,

134 2375 222 2444 aqua
242 2365 353 2422 tamen
374 2358 493 2442 frigida
513 2378 578 2422 non
595 2367 671 2423 'erat
682 2405 692 2444 ,
714 2360 774 2423 sed
795 2357 913 2444 tepida,
935 2361 1129 2426 balneaticni
1150 2349 1243 2445 apta,
1266 2360 1308 2424 de

135 2482 202 2548 qna
222 2461 319 2526 etiam
334 2480 376 2526 ex
394 2462 567 2527 devotione
576 2465 680 2548 jejuni
700 2466 847 2549 bibimus,
870 2467 945 2530 lieet
967 2485 1031 2530 nnn
1043 2467 1176 2530 multum
1197 2466 1308 2530 delec-
1375 2539 1386 2561 ·
1415 2517 1420 2527 .

135 2567 245 2632 tabilis
266 2575 364 2650 oesat,
387 2570 464 2651 quin
484 2577 554 2632 erat
575 2569 687 2652 tepida
706 2579 740 2634 et
761 2569 898 2654 turbida,
920 2574 1006 2635 slcut
1026 2573 1128 2653 palus.

216 2672 318 2736 l’orro
338 2673 472 2756 primaru
492 2675 739 2757 prohibitionem
750 2675 1003 2739 sarracenorum
1019 2678 1217 2758 transgressi
1229 2683 1305 2740 sunt

136 2777 301 2861 peregrini
334 2785 368 2839 et
397 2785 681 2843 transnataverunt
703 2779 745 2842 ad
769 2781 865 2844 aliam
883 2791 1007 2862 partem
1037 2780 1178 2842 fluminis
1206 2779 1306 2842 multi.

139 2885 179 2947 ln
200 2884 306 2965 prima
328 2900 401 2946 mea
420 2885 680 2967 peregrinatione
701 2887 904 2948 transnatavi
920 2887 1030 2966 etiam,
1052 2881 1111 2945 sed
1122 2884 1155 2945 in
1166 2883 1312 2948 secunda

142 2988 249 3052 mansi
269 2996 303 3051 at
323 2985 395 3051 sedi
415 2991 449 3050 in
468 2989 614 3053 touleilla
634 2999 669 3052 at
689 2989 851 3072 scapulari
869 2987 905 3052 iu
927 2987 1042 3051 sabulo
1063 2989 1096 3050 iu
1108 3003 1308 3071 aquansque

139 3091 183 3158 ad
202 3091 329 3156 collum.
372 3093 580 3158 Nolul¹enim
600 3096 634 3158 iu
655 3094 801 3158 seeundo
816 3095 1077 3178 peregrinatione
1093 3101 1308 3175 transnatato,

139 3199 217 3282 quia
233 3197 267 3260 in
288 3198 392 3280 prima
412 3205 531 3282 magno
550 3200 666 3263 'timore
687 3200 734 3262 llri
755 3202 788 3262 in
808 3199 874 3263 alia
889 3207 982 3282 parte
1004 3198 1145 3261 lluminis
1161 3197 1308 3260 existens
1334 3265 1337 3272 ,
1360 3230 1369 3250 ·

143 3303 334 3387 perterritus
354 3310 486 3384 proptor
506 3303 596 3366 illurn
617 3321 747 3376 casum.
783 3302 867 3367 Cum
898 3321 978 3388 ergo
999 3321 1072 3366 cnm
1095 3301 1206 3365 moltis
1237 3299 1311 3365 alils
1384 3327 1391 3341 ·

142 3407 299 3472 militibus
326 3415 639 3490 transnatassemus,
667 3414 701 3470 at
721 3408 755 3470 in
783 3408 848 3472 alia
874 3418 967 3492 parte
993 3406 1137 3490 jocundo
1164 3407 1198 3469 iu
1226 3424 1312 3489 aqua

143 3512 341 3596 luderemus,
363 3527 443 3574 ecee
464 3512 574 3575 subito
598 3512 717 3598 lugens
749 3513 870 3577 clamor
899 3511 937 3576 et¹
951 3512 1097 3596 ‘gramis
1132 3527 1172 3574 nc
1197 3512 1311 3594 gravis

145 3618 301 3682 tumultus
323 3625 415 3680 crtus
435 3623 507 3698 est,
541 3625 575 3678 et
601 3614 823 3681 lamentabiles
843 3634 944 3681 voces
963 3602 1083 3680 dabant
1098 3615 1165 3698 illi,
1201 3616 1312 3699 quiin
1380 3623 1390 3644 '

144 3727 290 3808 opposito
324 3722 434 3785 littore
466 3729 567 3784 amnt.
611 3720 679 3785 Sed
703 3731 737 3786 et
757 3722 948 3804 sarraceni,
975 3721 1127 3786 ductores
1154 3724 1256 3784 nostri
1278 3727 1313 3786 et

142 3829 215 3912 alii,
227 3829 403 3893 currebant
423 3842 524 3908 super
543 3825 684 3912 dueum,
706 3837 739 3890 et
749 3827 956 3892 horribilibus
977 3844 1016 3890 ac
1032 3825 1314 3909 iracundisgasti-

145 3935 206 3998 bus
226 3943 340 3998 contra
361 3947 422 3996 nos
443 3929 627 3994 clamabant
649 3939 683 3994 at
704 3933 798 3996 uobis
812 3934 1058 3996 minabanturet
1070 3929 1312 3994 maledicebant.
1451 3937 1461 3959 ·

145 4036 320 4102 stabamus
340 4035 488 4100 adhaec
516 4033 660 4120 attoniti,
690 4045 723 4100 et
751 4029 830 4121 prae
860 4027 1068 4101 multitudiue
1097 4037 1313 4130 clamantium,

145 4141 218 4224 quld
250 4139 447 4224 accidisset,
485 4159 549 4205 nnn
578 4145 767 4224 poteramus
800 4141 1001 4226 dinumera,
1041 4139 1146 4206 donec
1183 4141 1315 4226 quidam

145 4249 335 4333 peregrinus
369 4243 412 4308 de
440 4245 503 4309 alie
530 4251 625 4328 parta
655 4247 698 4312 ad
731 4265 793 4311 nos
814 4237 1057 4329 transnatabat,
1085 4255 1117 4307 et
1149 4261 1222 4308 eum
1246 4243 1313 4326 jam

141 4370 239 4438 prope
260 4359 325 4416 nna
347 4357 458 4433 asset,
480 4349 643 4434 chmarlt,
666 4341 741 4432 ben,
763 4351 839 4434 beu,
862 4351 988 4434 inquit,
1009 4365 1095 4420 nnus
1123 4349 1315 4432 peregrinus
