3132 5206
715 315 755 378 ⁴1

139 501 222 562 mira
242 498 289 561 ibi
309 505 406 580 gesta
432 503 486 562 cst
513 496 605 560 locus
634 493 728 578 serii,
761 503 793 557 et
815 510 884 576 nou,
910 489 1040 575 guadii,
1067 492 1163 557 datus
1195 501 1230 559 et
1251 513 1324 573 non¹

140 606 244 686 risus,
276 603 433 666 orationis
453 610 489 665 et
509 619 576 666 nun
607 597 760 663 clamoris
767 641 778 681 ‚
812 599 1041 680 prostrationis
1062 607 1095 662 et
1117 618 1181 662 nou
1207 599 1315 680 Ιίιθιι-Ι

142 708 259 789 tionis,
287 707 508 791 poeniteutiae
529 712 564 769 et
590 722 657 766 nou
678 701 885 784 petulantiae.
916 702 998 766 Sed
1018 705 1180 787 peregrini
1201 707 1313 791 stilum

142 821 291 894 vertunt,
314 820 346 874 et
367 813 402 875 in
421 811 493 875 loco
515 818 581 873 tam
599 806 870 871 terribilitimore
893 807 1040 890 deposito
1074 809 1166 872 irena
1187 809 1328 874 debitae.

142 917 334 981 maturitatis
356 915 483 998 laxant,
506 923 540 976 et
556 912 631 976 ideo
651 913 827 995 puniuntur
846 913 946 996 aliqui
968 915 1003 976 in
1024 913 1208 995 exemplum
1230 914 1327 979 alio-,

143 1039 222 1083 rnrn.
266 1020 357 1084 Nihil
379 1027 486 1083 antem
509 1017 678 1082 mulcatum
711 1017 861 1081 accidere
881 1016 967 1092 solet
993 1026 1117 1081 mature
1139 1025 1172 1080 et
1197 1017 1315 1104 devote

141 1143 181 1188 se
203 1125 463 1208 baptizantibus,
493 1122 580 1187 sicut
599 1129 689 1205 patet
717 1125 764 1184 iu¹
782 1121 968 1185 mulieribus
995 1123 1208 1207 peregrinis„
1230 1141 1315 1206 qnae

141 1249 242 1313 supra
262 1248 325 1292 noa
345 1230 378 1292 in
409 1227 622 1291 arundinibus
644 1227 741 1290 etiam
773 1227 965 1291 balneantur
996 1245 1069 1291 cnm
1095 1228 1235 1311 pudore,
1266 1229 1316 1292 ai.-

141 1335 261 1415 leutio,
291 1333 467 1398 devotione
509 1341 543 1396 et
579 1349 653 1395 curu
696 1333 900 1416 maturitate,
944 1332 1045 1398 multo
1076 1334 1182 1416 magis
1216 1350 1312 1416 quam
1350 1331 1352 1336 ’
1478 1367 1482 1376 ·

141 1457 212 1502 noa.
256 1437 433 1522 Optassem
464 1456 524 1520 pro
543 1437 609 1500 illis
637 1436 769 1519 vetulis,
796 1437 888 1522 vulgi
920 1437 1040 1501 lamam
1063 1439 1173 1503 sortiri
1197 1439 1246 1500 in
1263 1439 1313 1500 eia

142 1543 304 1624 effectum.
335 1543 451 1606 lleiert
470 1543 556 1605 enlm
576 1541 708 1624 vulgus,
730 1541 817 1626 qnod
838 1543 895 1626 qui
915 1544 949 1606 in
969 1542 1114 1607 Jordane
1134 1542 1330 1624 balneator„

142 1647 279 1711 ulterius
302 1665 368 1710 non
389 1647 547 1731 senescit,
569 1655 601 1709 et
624 1663 695 1710 eum
718 1646 791 1728 boc,
813 1646 965 1731 quamdin
986 1649 1019 1712 in
1041 1647 1173 1734 flumine
1194 1655 1313 1731 monet,

142 1763 209 1816 tam
231 1751 287 1815 din
305 1752 509 1834 juvenescit,
530 1758 567 1814 ut
587 1758 682 1834 pote,
704 1754 735 1813 st
755 1769 820 1814 una
841 1751 920 1814 bora
941 1751 1126 1836 balneator,
1148 1770 1214 1816 nna
1234 1755 1314 1816 bora

138 1855 250 1938 junior
272 1849 428 1940 efficitur,
450 1856 480 1920 si
501 1855 627 1920 duabus
648 1854 795 1937 duabus,
824 1857 854 1918 sl
875 1857 978 1920 tribus
1000 1858 1121 1942 tribus,
1142 1859 1172 1921 si
1193 1875 1313 1922 annum

143 1978 274 2024 annum.
296 1961 453 2045 Indignae
472 1962 613 2025 luissent
637 1967 768 2026 nostrae
786 1960 896 2022 sociae
917 1961 980 2024 boc
1000 1963 1115 2026 balneo
1134 1961 1196 2026 LX
1216 1964 1312 2026 anuis

14 2131 17 2158 ,
142 2064 185 2128 ad
204 2065 459 2150 recuperandam
488 2066 712 2147 juventutem,
746 2065 822 2150 qnia
837 2091 838 2096 ¹
853 2065 983 2129 inerunt
1019 2069 1250 2151 octogenariae
1279 2075 1313 2130 et

14 2161 15 2172 ἶ
142 2171 238 2237 ultra.
283 2170 320 2234 Sl
353 2171 543 2234 balneantes
575 2171 609 2233 in
635 2167 781 2232 Jordane
809 2187 874 2232 non
906 2180 1135 2254 senescerent,
1168 2172 1332 2254 profecto·

141 2277 261 2339 malum
282 2276 434 2340 balneum
455 2285 562 2357 esset,
594 2292 668 2337 cnm
689 2272 849 2336 Dominus
869 2291 927 2356 per
957 2276 1147 2359 prophetam
1178 2275 1312 2338 Esaiam

143 2379 223 2464 Cap.
245 2380 298 2443 db.
320 2379 421 2444 dicat:
450 2398 530 2463 puer
550 2390 678 2444 centnm
700 2396 855 2442 annorum
877 2379 1046 2463 morietur,
1068 2389 1102 2443 et
1122 2379 1315 2448 maledictus

142 2489 215 2555 erit.
256 2485 406 2568 0ptabile
436 2487 636 2568 peremnia
669 2482 819 2552 laneum
850 2493 955 2566 esset,
990 2487 1020 2550 ai
1049 2483 1313 2566 invaletudinem,

144 2589 380 2654 deformitatem
409 2599 442 2654 et
463 2597 665 2654 senectutem
697 2589 840 2672 eorporis
861 2590 999 2673 tolleret,
1029 2600 1061 2654 at
1083 2593 1199 2662 mentis
1221 2589 1337 2657 eani-,

145 2695 220 2759 tiam
244 2693 385 2757 afferret.
610 2703 639 2788 ¹.

228 2797 330 2862 Porro
362 2798 446 2863 banc
469 2799 649 2863 fatuitatem
671 2798 726 2862 vel
747 2799 984 2881 simplicitatem
1014 2800 1106 2864 multi
1126 2800 1314 2863 saeculares

146 2904 288 2985 babent,
310 2903 396 2987 qnod
417 2902 572 2987 credunt,
600 2904 684 2967 siin
705 2903 850 2967 Jordanc
873 2895 1093 2987 baptizentur,
1124 2901 1212 2987 qnod
1240 2911 1316 2986 post
1399 2906 1405 2919 ¹

142 3009 207 3072 buc
228 3027 294 3072 non
315 3017 507 3091 senescant,
541 3017 575 3072 et
602 3007 676 3071 ideo
698 3017 788 3071 tanto
817 3010 986 3072 cunemine
1017 3008 1182 3091 laborant,
1214 3015 1251 3070 ut
1271 3005 1314 3070 ad

142 3112 320 3178 Jordanem
342 3115 547 3197 perveniant,
569 3122 602 3176 et
622 3130 661 3177 ae
681 3114 821 3176 invicem
842 3111 1028 3193 baptizant,
1054 3109 1184 3176 scilicet
1202 3112 1259 3197 qui
1280 3111 1313 3174 iu
1431 3102 1436 3114 '

14 3289 15 3292 Ἴ
143 3217 337 3301 profundum
358 3217 550 3301 immergunt
572 3226 685 3281 contra
715 3217 890 3282 secundam
921 3213 1169 3300 prohibitionem
1191 3215 1311 3282 Sarra-

145 3339 309 3386 cenornm.
501 3379 506 3388 .

225 3423 431 3490 Carnuntem
454 3425 529 3488 bnis
549 3423 765 3491 balneationls
783 3427 983 3511 advenisset,
996 3425 1125 3512 quidam
1148 3426 1311 3510 peregrini

142 3532 177 3594 lu
200 3529 374 3612 amphoris,
395 3531 430 3592 lu
450 3531 657 3613 flasconibus,
678 3532 712 3594 in
732 3532 827 3596 vitris
848 3533 1025 3597 harmeruut
1045 3549 1161 3616 aquam
1183 3530 1314 3593 delor-

144 3633 245 3717 daue,
267 3643 304 3698 ut
325 3651 438 3698 secum
460 3636 502 3699 ad
523 3639 660 3719 patriam
682 3635 820 3718 ferrent,
842 3649 955 3702 eontra
975 3637 1100 3701 tertiam
1122 3635 1314 3718 probibitio-

143 3757 218 3802 uem
238 3737 509 3823 Sarracenorum,
530 3741 586 3824 qui
605 3739 647 3804 ad
668 3741 859 3805 instinctum
880 3752 1085 3828 patronorum
1108 3740 1171 3803 boe
1201 3737 1313 3821 probi·
1340 3791 1344 3797 .

142 3845 290 3927 buerunt,
313 3861 377 3908 uon
401 3846 486 3907 euim
506 3845 668 3908 sustinent
685 3846 815 3909 navium
833 3848 1069 3928 gubernatores
1089 3863 1207 3930 aquam
1229 3844 1314 3907 bane
1430 3923 1441 3939 .

142 3950 176 4011 iu
197 3949 356 4032 navibus,
377 3951 454 4032 qula
474 3947 610 4014 credunt
632 3949 777 4032 tirmiter,
799 3951 886 4035 quod
908 3969 1012 4014 naves
1031 3950 1121 4033 illae,
1140 3951 1174 4013 in
1195 3948 1314 4033 qulbus

14 4055 16 4070 '
142 4052 264 4138 aliquid
291 4051 334 4117 da
355 4071 440 4138 aqua
459 4053 614 4118 Jordanis
632 4063 701 4137 est,
733 4056 799 4118 sint
820 4055 1055 4137 infortunatae,
1090 4072 1152 4118 uec
1172 4053 1314 4117 babeant

144 4158 328 4242 expeditam
349 4161 590 4242 navigationem
620 4165 656 4222 et
685 4167 774 4223 stent
792 4160 825 4222 iu
848 4161 1011 4244 periculo,
1034 4177 1131 4243 quam
1155 4157 1209 4221 din
1230 4173 1316 4241 aqua

142 4262 297 4328 Jordania
325 4264 423 4326 etiam
444 4265 477 4328 iu
499 4264 630 4328 minima
658 4266 837 4348 qnarrtitate
870 4267 1025 4330 habeatur
1045 4264 1080 4328 ln
1100 4264 1186 4327 navt.
1227 4260 1313 4324 Nam

14 4333 18 4404 'l
144 4368 218 4454 hoe,
236 4385 340 4452 saepe
376 4367 461 4450 vidi,
501 4367 589 4453 quod
631 4372 773 4434 instante
812 4371 956 4451 periculo
990 4372 1023 4430 tn
1065 4366 1155 4448 mari
1183 4371 1343 4448 propter¹
