3132 5206
719 259 747 320 9
864 249 867 256 .

85 444 89 453 '
227 443 318 508 xiil
339 439 466 506 Nostra
485 441 599 508 rullitla
614 447 672 504 ‚eet
701 439 835 524 nquior.
878 437 963 518 Quia
986 439 1104 506 milltes
1127 443 1232 506 sancti
1253 455 1312 504 se-

142 549 270 633 pulchri
299 549 342 612 ab
379 549 544 631 omnibns,
584 555 649 610 tarn
693 545 914 629 spiritualibus
953 563 1050 628 qnam
1080 546 1312 630 soecularibus,

144 655 379 738 preelerantnr.

227 759 320 822 le.
342 759 403 824 Est
423 761 520 826 etiam
545 757 706 843 potentior
727 764 760 820 et
787 755 920 838 majoris
954 755 1156 818 auctoritatis
1190 775 1233 819 or
1263 775 1312 838 eo,

85 863 87 866 ’
143 864 231 949 quorl
253 865 421 930 confertur
442 866 634 928 auctoritate
655 861 855 926 sanctissimi
877 857 999 922 domini
1019 859 1143 946 Papae,
1164 869 1200 922 ot
1220 877 1313 924 sere-

142 969 269 1034 nissimi
291 969 410 1034 rlomini
431 969 650 1051 inperatoria
680 968 748 1030 Alii
768 985 848 1031 vero
869 981 1108 1048 nonnumquam
1131 964 1313 1028 efficiuntur

141 1075 264 1138 militer
284 1083 318 1137 et
342 1081 456 1138 contre
475 1073 614 1156 Papam,
639 1081 673 1136 et
703 1079 816 1136 contra
839 1075 1088 1156 Imperatorem,
1108 1069 1164 1132 vel
1185 1076 1314 1152 praeter

142 1197 217 1262 eos,
249 1188 284 1242 et
302 1179 376 1242 siue
391 1177 489 1261 jussu
517 1183 553 1240 et
572 1178 659 1244 scitu
687 1191 824 1260 eorump
848 1177 921 1242 ideo
943 1181 1022 1240 snut
1055 1174 1176 1239 nulline
1197 1183 1313 1238 ancto-

142 1283 285 1347 marm
1254 1329 1256 1338 r

226 1383 451 1450 tintinnis
476 1391 590 1450 nostra
620 1396 672 1451 est
699 1386 835 1453 nobilior
876 1396 909 1451 et
940 1387 1014 1470 ipsa
1042 1385 1123 1449 elim
1153 1383 1312 1464 nobilitat,

141 1509 208 1556 nco
229 1509 310 1554 vero
337 1492 546 1554 econtrario.
590 1491 671 1556 Vidi
692 1493 828 1576 multon,
858 1493 913 1577 qui
935 1491 1013 1556 facti
1043 1491 1171 1556 luerunt
1192 1489 1312 1552 milites

140 1615 199 1680 per
218 1597 467 1680 Imperatorem,
488 1604 522 1659 et
542 1597 578 1658 ln
599 1596 746 1680 proeliis,
770 1606 804 1661 et
827 1607 933 1662 tamen
951 1597 1089 1662 militiae
1108 1598 1205 1680 sigua
1226 1595 1311 1657 serre

10 1697 13 1738 ³
66 1732 74 1743 ·
139 1702 313 1782 nolebant,
346 1717 516 1783 quousque
551 1699 657 1782 (180
667 1701 723 1784 Δ)
754 1703 788 1765 in
823 1712 939 1766 sancto
977 1703 1149 1786 sepulchro
1180 1701 1312 1764 luerunt

139 1805 291 1889 monesi
312 1805 347 1868 in
367 1805 495 1876 milites.
511 1843 517 1856 .
531 1803 609 1868 Scio
631 1823 728 1870 unum
751 1807 901 1891 nobilem,
921 1825 1016 1891 qoem
1038 1809 1214 1892 Imperator
1233 1821 1310 1886 per-
1400 1835 1404 1844 ·

139 1911 247 1974 cussit
275 1905 408 1974 militem
438 1911 472 1972 in
494 1909 633 1993 quodam
666 1912 805 1996 proelio,
830 1921 865 1975 et
891 1932 951 1977 rex
980 1913 1144 1996 Ungoriee
1182 1913 1216 1974 in
1245 1908 1308 1972 allo

138 2015 242 2092 bello,
263 2023 297 2077 et
318 2033 377 2078 rex
397 2014 578 2080 llobeniae
598 2016 633 2078 iu
656 2017 769 2100 tertio,
802 2025 835 2079 et
856 2027 965 2080 tamen
985 2033 1115 2100 semper
1143 2013 1309 2081 concessit

138 2137 179 2182 se
198 2139 256 2204 pro
278 2119 418 2202 simplior
440 2119 550 2203 nobili,
572 2137 742 2204 quousque
763 2129 879 2204 quarto
899 2123 933 2184 in
958 2120 1118 2184 dominico
1137 2117 1309 2202 sepulchro

139 2224 201 2288 luit
222 2223 349 2305 iactus,
376 2231 411 2285 et
437 2229 517 2285 tnnc
546 2225 640 2288 rediit
647 2268 658 2308 ,
689 2232 724 2287 et
744 2225 887 2307 insignia
920 2225 1071 2288 militaria
1097 2222 1254 2307 portavit,
1276 2228 1309 2284 ot

10 2385 12 2394 .
136 2328 234 2394 laodic
253 2329 415 2412 glomosns
437 2327 530 2390 miles
552 2335 605 2392 ost
633 2345 707 2394 cum
728 2329 838 2393 rnnltis
859 2330 1009 2416 equitans
1030 2329 1170 2394 famulis.

219 2435 311 2497 XVI.
337 2433 456 2496 Militia
475 2443 588 2498 nostre
608 2444 659 2498 est
679 2435 864 2499 mirabilior.
909 2434 1033 2499 Omnes
1057 2436 1143 2498 enlm
1167 2431 1307 2517 quodam

137 2537 232 2603 morlo
262 2540 418 2602 mirantur
437 2541 545 2604 sancti
565 2540 729 2623 sepulchri
757 2539 910 2623 militem,
944 2556 1004 2624 pro
1029 2559 1085 2625 eo,
1114 2536 1200 2622 qnod
1224 2537 1309 2598 inter

141 2642 343 2707 Sarracenos
365 2642 513 2709 inllrleles
528 2654 561 2707 et
582 2646 616 2708 iu
635 2642 796 2706 domirrloe
811 2646 983 2728 sepulchro
1002 2643 1131 2727 accepit
1151 2639 1306 2704 militiam.

219 2748 329 2812 XVll.
352 2749 415 2812 nso
440 2747 552 2813 militia
570 2751 674 2834 magis
695 2750 900 2813 venerabilis.
930 2749 1062 2812 Habent
1081 2749 1167 2808 eninr
1189 2745 1308 2807 milites

135 2853 245 2915 sanai
264 2853 428 2938 repulolrri
459 2853 565 2918 locum
594 2872 694 2937 snper
714 2853 814 2936 alios,
839 2851 966 2935 cundo,
996 2850 1130 2931 stando,
1149 2843 1306 2926 sedendo,

135 2956 314 3040 loquendo,
336 2975 452 3021 manns
472 2957 630 3043 levando,
652 2957 851 3022 comedendo
870 2964 936 3025 eto.

219 3061 340 3124 xviii.
361 3059 479 3125 llilitia
499 3071 612 3126 nostra
634 3072 686 3127 est
706 3062 924 3147 spectabilior.
955 3059 1042 3124 Nam
1064 3057 1193 3143 qnando
1214 3057 1307 3120 miles

134 3166 241 3228 uncti
269 3164 433 3248 sepulolrrl
460 3166 549 3249 loqui
579 3168 691 3251 incipit
723 3170 765 3232 de
794 3183 855 3231 sna
886 3165 1020 3248 militia,
1054 3161 1096 3226 (le
1127 3163 1199 3226 loco
1226 3180 1308 3225 suae

133 3269 284 3354 militiae,
305 3269 348 3332 ‹le
368 3270 437 3354 his,
459 3269 625 3354 quaesibi
651 3270 856 3355 acciderunt,
890 3286 1004 3336 omues
1024 3287 1099 3332 eum
1132 3268 1305 3350 intuentur,

130 3382 167 3436 et
185 3381 299 3456 aperto
320 3393 377 3438 ore
398 3373 602 3457 auscultant,
621 3375 699 3459 qnid
721 3374 817 3440 dlcat.

216 3478 307 3541 XIX.
329 3479 390 3542 Est
412 3478 639 3563 acceptabilior
659 3489 773 3545 nostra
792 3477 915 3544 militie.
959 3475 1133 3541 Nobilibus
1155 3483 1188 3538 et
1208 3475 1306 3558 igno-

130 3581 252 3646 bilibus
271 3591 347 3645 sunt
367 3583 487 3646 milltes
511 3583 617 3646 sanofi
637 3583 802 3666 sepulchri
819 3585 955 3668 accepti,
973 3599 1085 3664 parum
1105 3578 1162 3644 alii
1185 3579 1304 3644 milites

47 3763 53 3772 ¹
130 3695 302 3770 curatur,
325 3687 390 3752 imo
410 3689 517 3771 potins
538 3687 761 3772 abhorrentnr,
784 3699 946 3773 tamqnam
968 3684 1144 3768 irrhnruanl,
1167 3684 1305 3766 feroces,

132 3789 306 3856 terribiles.
875 3843 877 3848 ,

210 3895 287 3961 ΚΧ,
308 3893 424 3958 Militia
441 3904 559 3962 nostra
581 3907 633 3962 est
654 3897 786 3964 virilior.
829 3895 948 3960 Parum
970 3895 1056 3960 enin
1077 3900 1147 3975 est,
1181 3909 1304 3956 cuneos

127 3998 270 4067 bostium
290 4007 481 4082 penetrasse
501 4001 621 4086 semel,
638 4001 694 4066 val
713 4003 827 4068 hostes
843 3999 980 4082 unisse,
1000 3997 1061 4062 scol
1082 3997 1216 4062 multum
1238 4003 1302 4076 est,

129 4123 231 4191 saepe
256 4105 291 4168 in
312 4104 424 4169 mortis
445 4104 597 4187 periculis
617 4106 744 4190 luisse,
765 4107 850 4170 sicut
871 4113 924 4170 est
944 4105 978 4168 in
998 4111 1111 4168 nostre
1132 4101 1254 4166 ruilitla.

212 4205 305 4268 xxi.
328 4205 447 4272 Militia
467 4209 548 4276 baec
569 4217 622 4276 est
648 4211 828 4294 strenuior,
847 4213 924 4296 qnia
944 4208 1088 4294 undique
1107 4207 1210 4272 virum
1232 4204 1302 4266 vir-

130 4319 260 4376 tuosum
279 4311 422 4396 requirit.

561 4459 578 4499 t
