3132 5206
684 258 725 334 bt

119 445 307 530 fragrantes
328 451 491 514 sensimus
517 449 645 533 odores,
671 452 816 534 virgulta
837 453 934 516 etiem
957 463 989 516 et
1009 456 1140 520 arbusta
1164 457 1298 540 spinosa

118 553 308 635 singulares
339 571 432 618 rosas
462 563 495 617 et
527 557 629 637 grana
662 559 780 618 suavia
813 557 931 620 ierunt.
982 560 1111 622 Herbae
1143 564 1236 625 etiam
1265 573 1297 625 et
1407 576 1418 593 ·

119 655 211 719 olera
230 657 383 721 videntur
402 658 447 721 ibi
468 649 544 720 'esse
568 659 673 740 magis
690 659 904 743 delectabilia,
922 671 954 724 et
977 681 1145 747 quaequae
1157 665 1296 749 plantae,

118 765 155 821 et
177 760 335 844 quidquid
354 763 462 845 gignit
483 762 600 826 humus
622 765 657 826 iu
677 764 739 827 boc
763 763 835 828 loco
867 773 919 829 est
947 768 1121 849 singulare.
1162 769 1297 852 Pmpter
1378 807 1386 821 ·

118 865 207 946 qued
230 867 302 948 ipsa
323 864 435 928 divina
467 868 627 949 sapientie
657 885 696 930 se
724 880 890 952 comparat
918 889 1028 952 rosae,
1062 883 1127 935 non
1155 873 1298 957 cuilibet,

117 969 182 1031 'sed
202 978 327 1033 tautum
349 988 445 1033 rosae
465 960 653 1053 indericho,
677 989 762 1054 quae
784 981 860 1035 suut
893 955 1135 1055 pulcherrimae.
1166 979 1294 1042 Ecclss.

118 1075 189 1139 Ἀπ’
221 1092 312 1156 sum,
344 1075 465 1156 inquit,-
497 1077 591 1158 quasi
613 1073 730 1155 (2⁰5
748 1075 803 1159 Δ)
827 1077 984 1160 plantatio
1005 1081 1039 1142 iu
1068 1082 1178 1163 planta
1201 1102 1296 1147 rosas

119 1180 259 1242 Iericho.
297 1177 341 1242 Et
361 1178 456 1240 besta
465 1177 572 1261 Virgo
593 1179 734 1262 singulis
757 1179 871 1244 diebus
894 1201 937 1246 ex
957 1202 1014 1246 ore
1033 1185 1194 1248 ecclesiae
1218 1187 1295 1251 dicit

118 1301 159 1346 se
180 1283 276 1366 quasi
298 1299 403 1345 rosam
422 1284 557 1346 iericho.
601 1281 688 1346 Sunt
709 1286 795 1346 enim
817 1303 912 1350 rosae
932 1287 1015 1368 illae
1030 1291 1295 1374 venustissimae,

119 1401 153 1449 et
179 1403 242 1451 suo
265 1385 384 1450 decors
403 1387 511 1449 visum
532 1397 690 1470 pascunt,
719 1389 818 1453 odore
842 1390 995 1455 olfactum
1016 1394 1176 1478 reficiunt,
1209 1394 1294 1459 levi-

119 1500 191 1553 tate
208 1497 330 1553 tactum‘
342 1483 514 1574 delectant,
536 1493 739 1556 virtuositate
751 1503 905 1577 aegrotos
916 1506 1042 1580 seuatn,
1057 1499 1166 1562 colore
1183 1501 1293 1562 tristes
1404 1549 1425 1574 ,-

117 1593 312 1676 laetificant,
334 1595 447 1676 speeie
468 1596 604 1658 mirabili
625 1597 801 1679 prudentes
834 1599 867 1660 iu
889 1597 1130 1665 admirationem
1151 1609 1292 1685 vertunt,

117 1707 153 1760 et
173 1715 239 1760 sua
259 1696 494 1778 pulchritudine
514 1699 668 1782 paradysi
689 1703 917 1767 amoenitatem
940 1703 1068 1768 devotis
1097 1714 1292 1789 praeostena
1321 1772 1324 1779 ,

116 1801 209 1864 dunt.
253 1802 362 1864 Habet
385 1821 525 1886 namque
546 1822 611 1866 una
632 1823 707 1868 rosa
727 1804 801 1887 plus
823 1825 918 1888 quem
944 1817 1075 1872 centum
1104 1809 1191 1874 folia.
1235 1812 1291 1874 10⁴

38 1927 39 1934 ¹
115 1907 243 1988 septus
265 1905 306 1968 dc
326 1906 378 1968 bis
398 1909 499 1972 bortis
520 1907 657 1988 loquens
681 1908 750 1971 libr.
783 1909 824 1972 V.
849 1908 998 1974 debello
1017 1912 1147 1995 judaico
1168 1933 1241 1997 cap.
1257 1916 1290 1983 8.

117 2010 215 2074 dicit:
242 2009 327 2094 qued
348 2010 404 2074 illa
425 2012 515 2093 regio
538 2011 613 2074 olim
633 2012 757 2075 terebat
779 2014 1040 2099 opobalsamum,
1063 2019 1119 2100 qui
1149 2019 1290 2082 omnium

116 2114 312 2178 carissimus
333 2113 458 2210 fructus
480 2124 541 2198 est,
564 2124 596 2177 et
617 2134 763 2199 cyprum,
786 2120 842 2199 qui
866 2120 1136 2201 myrobalsamum
1164 2121 1290 2202 giguit3
1410 2116 1416 2127 “

117 2219 300 2302 palmarum
332 2220 429 2282 etiam
451 2237 572 2302 grana,
610 2228 674 2283 tam
705 2238 822 2303 sapore
853 2238 948 2303 quam
981 2223 1163 2286 nominibus
1190 2223 1292 2307 varia,

117 2341 206 2406 (ιω
223 2341 358 2404 pressae
380 2323 523 2386 calcibus
544 2323 714 2406 plurimum
738 2323 843 2386 mellis
865 2326 1014 2389 emittunt
1022 2371 1033 2410 ,
1064 2345 1129 2389 uon
1157 2327 1292 2390 multum
1322 2311 1326 2320 ”
1377 2305 1414 2352 ·’

116 2427 183 2492 talio
206 2425 301 2490 melle
322 2425 474 2492 deterius.
525 2426 593 2491 Sed
625 2445 687 2490 uec
707 2429 749 2490 in·
764 2427 837 2490 aliis
866 2428 1025 2493 fructibus
1054 2431 1162 2513 aliqua
1196 2431 1293 2494 facile
1405 2467 1414 2484 .

117 2541 188 2594 tato
216 2531 294 2594 orbe
321 2535 411 2616 regio
444 2533 637 2614 certaverit,
666 2531 747 2594 adeo
776 2531 1041 2620 multiplicatum,
1071 2535 1158 2618 quod
1185 2547 1292 2600 satum

118 2635 228 2718 luerit,
250 2634 368 2704 reddit.
410 2639 545 2700 'l'eutem
568 2645 675 2698 autem
698 2635 895 2702 fertilitatem
916 2640 1108 2704 mirabamur
1135 2657 1184 2722 eo,
1204 2642 1291 2722 quod

119 2742 212 2824 regie
233 2756 333 2823 supra
354 2751 388 2804 et
412 2742 497 2805 iufra
517 2741 638 2806 sterilis
665 2749 724 2803 est.
769 2739 837 2803 Sed
868 2740 908 2804 de
939 2742 1029 2806 fonte
1050 2743 1202 2807 Helicaei
1230 2745 1292 2810 atl-
1425 2810 1431 2819 ,

118 2845 212 2907 veuit
234 2843 308 2908 loco
325 2844 382 2908 llla
403 2845 563 2908 fertilitas.

172 3079 236 3152 De
261 3078 441 3156 mentibus
465 3079 627 3156 Gerizim
659 3089 700 3154 et
722 3078 862 3172 Bahal,
893 3077 1179 3156 benedictionum
1205 3088 1244 3154 et

555 3199 857 3275 maledictionum.
1334 3191 1342 3208 ⁸

205 3379 322 3462 Aquae
343 3378 515 3442 decursum
526 3422 537 3460 ,
567 3398 651 3464 quse
684 3383 796 3446 hortos
819 3379 892 3442 illos
923 3380 1053 3466 irrigat,
1084 3381 1290 3445 ascendimus

119 3491 236 3545 contra
257 3491 427 3564 montana,
454 3501 474 3544 a
503 3483 623 3566 'quibas
645 3495 794 3569 emanat,
831 3501 916 3567 quae
937 3493 1088 3548 montana
1118 3485 1183 3548 elta
1201 3493 1288 3548 sunt.
1411 3537 1416 3548 .

37 3575 39 3598 ¹
116 3583 220 3648 Porro
242 3585 325 3650 duos
350 3594 477 3658 montes
498 3605 537 3650 se
558 3589 699 3654 invicem
730 3590 943 3671 respicientes
963 3588 1115 3672 vidimus,
1138 3592 1289 3673 equibus

115 3709 205 3754 uuus
237 3688 404 3774 Gariaim,
441 3691 524 3754 alter
558 3691 664 3756 Gebal
697 3692 753 3757 vel
785 3693 893 3756 Hebal
927 3695 1116 3756 nominatur.
1171 3692 1290 3756 Sams-

119 3795 218 3858 ritani
244 3802 354 3858 autem
384 3795 511 3878 dicunt,
542 3797 603 3859 hoe
626 3795 708 3860 duos
729 3807 858 3860 montes
883 3797 977 3879 juxta
997 3797 1186 3882 Neapolim,
1217 3798 1237 3859 i.
1260 3791 1288 3858 e]
1387 3850 1392 3864 .

119 3897 262 3982 Siobem,
284 3917 370 3983 esse,
393 3908 425 3962 et
435 3901 497 3963 hcc
509 3903 606 3964 etiam
617 3900 747 3983 quidam
763 3901 915 3964 catholici
932 3901 1051 3984 dicunt,
1074 3911 1105 3964 et
1126 3903 1160 3964 in
1181 3901 1289 3964 multis

120 4001 394 4085 descriptlonrbus
422 4013 528 4069 terrae
549 4013 684 4068 sunctae
709 4006 825 4087 reperi.
868 4003 935 4068 Sed
967 4006 1081 4068 beatus
1101 4005 1290 4088 leronymus

120 4105 162 4169 de
184 4105 348 4171 distantiis
370 4108 511 4172 locorum
537 4109 625 4192 dicit,
659 4109 748 4193 quod
768 4109 815 4172 illi
835 4109 1046 4173 uehementer
1079 4117 1205 4192 errant,
1236 4109 1290 4192 qui

119 4209 204 4274 alios
224 4219 353 4276 montes
374 4215 544 4296 assignant
565 4215 808 4296 prementibus
829 4212 976 4278 Gerizim
995 4224 1026 4277 et
1046 4213 1168 4294 Hebal,
1195 4229 1289 4293 quam

121 4331 222 4400 prope
241 4317 380 4399 iericho,
402 4335 475 4382 eum
486 4317 659 4402 Scrlptura
677 4325 827 4395 testetur,
850 4335 926 4382 esse
946 4335 1005 4380 eos
1015 4318 1116 4416 jann}²
1123 4315 1289 4398 Galgulss,
