3212 5206
709 299 769 364 tur

415 559 586 638 Tristitia
608 557 813 662 peregrinis
837 560 1050 638 adremeua

234 762 402 826 vicesima
422 764 519 828 tertia
540 761 594 828 die
622 781 750 828 eramus
783 764 886 848 parati
918 762 1118 848 adscendere
1138 763 1173 828 in
1195 775 1322 832 montes

155 877 287 932 unctes
308 867 428 952 Synsi,
450 865 536 930 0reb
559 875 592 930 et
620 865 657 932 S.
683 866 898 952 catharinae,
920 867 980 932 sod
1001 868 1119 930 infirmi
1152 869 1323 956 peregrini,

154 976 259 1038 nostri
284 973 483 1056 confratres,
515 971 743 1055 supplicabant
764 991 843 1056 nos,
878 981 1038 1056 qnatenus
1059 973 1217 1055 usquein
1247 989 1324 1038 cra-

155 1078 275 1142 stinum
298 1085 578 1162 exspectaremus,
610 1085 647 1140 ut
666 1079 793 1140 interim
826 1078 965 1141 roborati
987 1077 1153 1141 nobiscum
1187 1087 1324 1160 possent

155 1183 342 1246 escendere
396 1178 697 1244 Corndescendimus
728 1189 835 1244 autern
866 1181 1012 1265 petitioni
1045 1199 1155 1246 eorum
1182 1190 1216 1244 et
1248 1200 1322 1246 cum

158 1287 317 1372 patientia
351 1287 530 1362 mansimus
564 1286 598 1346 in
624 1286 747 1369 quiete,
783 1295 995 1370 veruntamen
1027 1295 1103 1369 post
1128 1287 1268 1362 Missam
1290 1295 1324 1350 et

155 1377 323 1470 prandium
341 1389 463 1452 iterum
492 1388 564 1452 loca
596 1397 710 1452 saneta
738 1392 822 1455 intra
851 1390 1078 1454 monasterium
1118 1389 1324 1454 visitavimus

155 1507 213 1573 pro
224 1490 433 1574 indulgentiis
448 1494 508 1576 (ᾗ)
531 1501 565 1556 et
585 1491 761 1556 claustrum
781 1495 992 1558 transivimus
1012 1494 1164 1561 ridentes
1182 1493 1322 1576 singula

161 1673 164 1682 Α
237 1595 338 1668 Porro
360 1600 446 1661 circa
470 1615 639 1685 vesperam
662 1597 752 1661 venit
782 1615 867 1660 ornus
894 1597 936 1660 de
956 1599 1135 1681 capitaneis
1166 1598 1322 1680 Arabum,

156 1698 316 1794 princeps·
329 1691 485 1772 latronum
515 1702 636 1766 deserti
664 1719 738 1765 oum
761 1701 872 1765 moltis
903 1702 1114 1785 comptietbns
1135 1704 1270 1766 armatis
1292 1685 1341 1765 et¹

156 1799 190 1867 iu
213 1807 439 1868 mornasterium
461 1807 630 1890 ingressus
652 1806 771 1870 locavit
791 1824 830 1870 se
851 1824 924 1870 cnm
945 1809 1014 1870 suis
1032 1825 1132 1890 prope
1161 1807 1325 1870 insumet
1448 1796 1450 1802 ’

156 1908 339 1972 babitaeuia
360 1920 487 1995 nostra,
519 1912 575 1997 qui
597 1911 830 1995 exspectabant
851 1919 884 1974 et
912 1912 1130 1974 observabant
1158 1911 1323 1984 introitum

156 2014 330 2078 sternitum
353 2023 513 2098 nostrum3
547 2033 620 2079 nam
643 2025 773 2099 propter
793 2032 855 2078 nos
886 2023 1062 2099 venerant,
1095 2023 1132 2078 ut
1158 2014 1234 2096 jura
1263 2032 1325 2077 sna

156 2117 319 2199 inJustaa
350 2118 445 2183 nobis
473 2119 652 2204 exigerent.
693 2120 773 2184 Erat
804 2127 911 2182 autem
938 2120 1001 2183 boc
1027 2119 1121 2182 nobis
1147 2117 1325 2201 singularis

142 2239 236 2304 ,crux
263 2231 296 2286 et
316 2227 428 2287 omnis'
443 2224 553 2307 gaudii
573 2225 677 2290 nostri
699 2225 791 2288 triste
812 2230 1114 2307 temperamentum,
1147 2238 1210 2284 nee
1230 2231 1327 2304 pote-

157 2344 266 2390 ramus
287 2327 328 2390 de
349 2328 532 2393 habitaculo
562 2339 674 2394 nostro
703 2330 737 2391 in
760 2328 944 2426 ⁸ecclesiam
967 2325 1002 2390 S
1025 2323 1221 2392 catharinae
1247 2325 1327 2390 des-

158 2433 298 2527 cendere
326 2434 391 2496 uisi
427 2451 486 2516 per
508 2432 646 2496 medium
673 2443 855 2498 nostrorum
877 2440 1073 2496 exactorum.
1115 2433 1219 2498 lirant
1240 2431 1325 2494 enim

135 2537 296 2628 padus,
315 2556 374 2619 per
400 2555 482 2622 quos
503 2537 544 2600 de
565 2546 676 2602 nostro
697 2536 866 2602 commodo
886 2539 921 2600 in
945 2538 1067 2602 curiam
1090 2534 1322 2600 descendimus

158 2651 191 2705 et
212 2641 253 2705 de
273 2643 362 2706 curia
376 2645 415 2706 in
434 2642 608 2707 ecclesiam
628 2642 766 2726 virginis
787 2641 1000 2722 Catharinse,
1021 2642 1084 2723 ipsi
1104 2651 1212 2705 autem
1234 2639 1324 2708 Ars·

158 2747 217 2810 bes
241 2746 274 2809 iu
291 2746 383 2812 curia
398 2744 550 2828 jacebant
572 2746 625 2810 die
646 2756 677 2810 et
697 2756 793 2813 noete
814 2755 848 2809 et
870 2763 931 2811 nos
953 2744 1190 2810 descendentes
1213 2751 1245 2805 et
1267 2760 1326 2806 as-

158 2850 336 2916 cendentes
373 2850 622 2936 diligentissime
649 2850 916 2930 onrrsiderabant,
952 2866 1014 2912 nec
1040 2847 1080 2912 sd
1112 2857 1245 2933 putenm
1267 2867 1326 2930 pro

158 2973 245 3039 aqna
266 2965 450 3040 poteramus
471 2955 584 3018 venire
610 2956 674 3020 nisi
704 2973 764 3039 per
782 2952 920 3016 medium
943 2971 1062 3017 eorum.
1106 2951 1198 3014 Nihil
1220 2961 1327 3014 autem

159 3060 253 3128 nabis
276 3058 448 3141 iaciebant,
465 3077 526 3122 nec
546 3060 663 3124 bonum
685 3077 748 3123 nec
769 3045 901 3139 malurn,¹
915 3073 978 3120 nee
997 3073 1060 3119 nos
1076 3054 1326 3138 proclamabant,

158 3164 217 3230 sed
240 3173 346 3227 tamen
368 3182 476 3226 eornm
499 3165 699 3247 exspectatio
722 3163 816 3227 nobis
836 3158 973 3225 molesta
1005 3167 1084 3230 erat.
1128 3161 1219 3225 Hora
1249 3177 1329 3222 coe-

159 3286 222 3332 nae
242 3268 520 3352 appropinquante
555 3269 702 3332 coximus
733 3286 792 3350 pro
819 3282 922 3330 coena
953 3271 986 3325 et
1014 3282 1072 3348 pro
1101 3265 1236 3328 crastini
1264 3262 1329 3328 diei

159 3372 309 3458 prandio,
331 3372 418 3436 sicut
439 3389 497 3453 per
518 3369 679 3437 desertum
704 3372 814 3436 facere
834 3368 1080 3452 consuevimus,
1103 3371 1180 3454 qnia
1207 3369 1240 3432 in
1263 3367 1327 3430 alia

160 3475 213 3542 die
233 3495 297 3541 nou
329 3493 457 3540 snmus
492 3475 631 3542 babituri
663 3486 790 3559 tempus
819 3491 944 3540 vacans
983 3471 1024 3538 ad
1047 3471 1325 3558 praeparationem

159 3578 309 3664 prandii,
328 3557 412 3642 sieut
434 3577 635 3648 ostendetur.

161 3811 351 3904 montedo
371 3811 556 3914 peregrini
581 3809 853 3890 adscenderunt
871 3813 1028 3882 montem
1050 3811 1214 3881 sanctum
1231 3801 1332 3880 Oreb

130 3943 200 4009 .et
225 3931 341 4035 Synai
377 3941 418 4008 et
449 3931 628 4032 quomodo
661 3929 832 4005 diversae
870 3924 1115 4003 adversitates
1142 3923 1199 3998 eis
1227 3922 1333 3999 aoei-

161 4053 292 4129 dernnt
316 4053 353 4128 in
377 4073 533 4127 ascensu
550 4051 628 4145 illo,
643 4060 682 4126 et
706 4049 754 4129 de
773 4048 905 4124 montis
920 4054 960 4120 et
977 4045 1060 4120 viae
1076 4041 1329 4144 dispositione.

246 4231 309 4296 Die
328 4231 454 4296 xxiv.
493 4233 596 4296 tribus
618 4231 707 4297 boris
728 4238 804 4294 ante
833 4228 937 4294 ineam
963 4224 1045 4290 solis
1075 4203 1277 4288 surrexinna
1298 4225 1332 4282 at

163 4334 196 4397 in
218 4334 345 4417 capelia
370 4335 470 4400 latias
490 4335 614 4456 Missas
646 4333 881 4400 celebravimus
888 4371 901 4408 ,
941 4323 1222 4482 quibuswppraotia
1242 4322 1333 4386 vaait
