<?xml version="1.0" encoding="UTF-8"?>
<!DOCTYPE html PUBLIC "-//W3C//DTD XHTML 1.0 Transitional//EN"
    "http://www.w3.org/TR/xhtml1/DTD/xhtml1-transitional.dtd">
<html xmlns="http://www.w3.org/1999/xhtml" xml:lang="en" lang="en">
 <head>
  <title>
</title>
<meta http-equiv="Content-Type" content="text/html;charset=utf-8" />
  <meta name='ocr-system' content='tesseract 3.04.00' />
  <meta name='ocr-capabilities' content='ocr_page ocr_carea ocr_par ocr_line ocrx_word'/>
</head>
<body>
  <div class='ocr_page' id='page_1' title='image "./fratrisfelicisf04fabrgoog_0364.png"; bbox 0 0 3240 5222; ppageno 0'>
   <div class='ocr_carea' id='block_1_1' title="bbox 314 216 1485 523">
    <p class='ocr_par' dir='ltr' id='par_1_1' title="bbox 314 216 1485 523">
     <span class='ocr_line' id='line_1_1' title="bbox 866 216 932 320; baseline 0 0"><span class='ocrx_word' id='word_1_1' title='bbox 866 216 932 320; x_wconf 75' lang='lat' dir='ltr'><strong>sia</strong></span> 
     </span>
     <span class='ocr_line' id='line_1_2' title="bbox 314 432 1485 523; baseline -0.008 -19"><span class='ocrx_word' id='word_1_2' title='bbox 314 438 459 523; x_wconf 67' lang='lat' dir='ltr'><strong>oiritptis</strong></span> <span class='ocrx_word' id='word_1_3' title='bbox 499 452 561 500; x_wconf 87' lang='lat' dir='ltr'><strong>nos</strong></span> <span class='ocrx_word' id='word_1_4' title='bbox 593 454 652 518; x_wconf 90' lang='lat' dir='ltr'><strong>pro</strong></span> <span class='ocrx_word' id='word_1_5' title='bbox 694 435 840 500; x_wconf 82' lang='lat' dir='ltr'><strong>axbsbita</strong></span> <span class='ocrx_word' id='word_1_6' title='bbox 875 434 1073 500; x_wconf 78' lang='lat' dir='ltr'><strong>bunmtuta</strong></span> <span class='ocrx_word' id='word_1_7' title='bbox 1105 433 1243 516; x_wconf 82' lang='lat' dir='ltr'><strong>paeonia</strong></span> <span class='ocrx_word' id='word_1_8' title='bbox 1280 432 1485 498; x_wconf 75' lang='lat' dir='ltr'><strong>mulctarent.</strong></span> 
     </span>
    </p>
   </div>
   <div class='ocr_carea' id='block_1_2' title="bbox 313 536 1488 730">
    <p class='ocr_par' dir='ltr' id='par_1_2' title="bbox 313 536 1488 730">
     <span class='ocr_line' id='line_1_3' title="bbox 313 536 1488 629; baseline -0.007 -20"><span class='ocrx_word' id='word_1_9' title='bbox 313 548 427 629; x_wconf 88' lang='lat' dir='ltr'><strong>ltaque</strong></span> <span class='ocrx_word' id='word_1_10' title='bbox 444 560 516 606; x_wconf 87' lang='lat' dir='ltr'><strong>eum</strong></span> <span class='ocrx_word' id='word_1_11' title='bbox 535 540 603 623; x_wconf 86' lang='lat' dir='ltr'><strong>jam</strong></span> <span class='ocrx_word' id='word_1_12' title='bbox 626 541 780 604; x_wconf 85' lang='lat' dir='ltr'><strong>tenebras</strong></span> <span class='ocrx_word' id='word_1_13' title='bbox 801 549 930 623; x_wconf 86' lang='lat' dir='ltr'><strong>assent,</strong></span> <span class='ocrx_word' id='word_1_14' title='bbox 958 540 1126 624; x_wconf 77' lang='lat' dir='ltr'><strong>posuimus</strong></span> <span class='ocrx_word' id='word_1_15' title='bbox 1147 556 1208 604; x_wconf 86' lang='lat' dir='ltr'><strong>nos</strong></span> <span class='ocrx_word' id='word_1_16' title='bbox 1235 536 1406 604; x_wconf 91' lang='lat' dir='ltr'><strong>dormitum</strong></span> <span class='ocrx_word' id='word_1_17' title='bbox 1428 557 1488 622; x_wconf 84' lang='lat' dir='ltr'><strong>per</strong></span> 
     </span>
     <span class='ocr_line' id='line_1_4' title="bbox 314 645 1052 730; baseline -0.007 -17"><span class='ocrx_word' id='word_1_18' title='bbox 314 650 416 713; x_wconf 80' lang='lat' dir='ltr'><strong>eellas</strong></span> <span class='ocrx_word' id='word_1_19' title='bbox 443 650 527 712; x_wconf 85' lang='lat' dir='ltr'><strong>sieut</strong></span> <span class='ocrx_word' id='word_1_20' title='bbox 550 645 697 709; x_wconf 84' lang='lat' dir='ltr'><strong>monaobi</strong></span> <span class='ocrx_word' id='word_1_21' title='bbox 708 691 719 730; x_wconf 96' lang='lat'><strong>,</strong></span> <span class='ocrx_word' id='word_1_22' title='bbox 739 655 772 708; x_wconf 91' lang='lat' dir='ltr'><strong>et</strong></span> <span class='ocrx_word' id='word_1_23' title='bbox 793 647 839 710; x_wconf 88' lang='lat' dir='ltr'><strong>ita</strong></span> <span class='ocrx_word' id='word_1_24' title='bbox 860 647 1052 730; x_wconf 75' lang='lat' dir='ltr'><strong>quievimus.</strong></span> 
     </span>
    </p>
   </div>
   <div class='ocr_carea' id='block_1_3' title="bbox 313 875 1487 984">
    <p class='ocr_par' dir='ltr' id='par_1_3' title="bbox 313 875 1487 984">
     <span class='ocr_line' id='line_1_5' title="bbox 313 875 1487 984; baseline -0.006 -26"><span class='ocrx_word' id='word_1_25' title='bbox 313 881 525 984; x_wconf 77' lang='lat' dir='ltr'><strong>Descriptio</strong></span> <span class='ocrx_word' id='word_1_26' title='bbox 545 879 706 956; x_wconf 82' lang='lat' dir='ltr'><strong>civitatis</strong></span> <span class='ocrx_word' id='word_1_27' title='bbox 720 877 859 972; x_wconf 78' lang='lat' dir='ltr'><strong>Ebron,</strong></span> <span class='ocrx_word' id='word_1_28' title='bbox 876 889 916 955; x_wconf 87' lang='lat' dir='ltr'><strong>et</strong></span> <span class='ocrx_word' id='word_1_29' title='bbox 932 882 1016 978; x_wconf 88' lang='lat' dir='ltr'><strong>ejus</strong></span> <span class='ocrx_word' id='word_1_30' title='bbox 1039 879 1287 978; x_wconf 84' lang='lat' dir='ltr'><strong>antiquissima</strong></span> <span class='ocrx_word' id='word_1_31' title='bbox 1301 875 1487 954; x_wconf 85' lang='lat' dir='ltr'><strong>habitudo.</strong></span> 
     </span>
    </p>
   </div>
   <div class='ocr_carea' id='block_1_4' title="bbox 275 1059 1554 4407">
    <p class='ocr_par' dir='ltr' id='par_1_4' title="bbox 313 1059 1554 1882">
     <span class='ocr_line' id='line_1_6' title="bbox 397 1059 1488 1147; baseline -0.005 -18"><span class='ocrx_word' id='word_1_32' title='bbox 397 1067 547 1147; x_wconf 84' lang='lat' dir='ltr'><strong>Hebron,</strong></span> <span class='ocrx_word' id='word_1_33' title='bbox 578 1064 652 1127; x_wconf 84' lang='lat' dir='ltr'><strong>sive</strong></span> <span class='ocrx_word' id='word_1_34' title='bbox 679 1063 814 1144; x_wconf 73' lang='lat' dir='ltr'><strong>Eldana,</strong></span> <span class='ocrx_word' id='word_1_35' title='bbox 849 1063 966 1126; x_wconf 80' lang='lat' dir='ltr'><strong>eivitas</strong></span> <span class='ocrx_word' id='word_1_36' title='bbox 994 1062 1219 1146; x_wconf 86' lang='lat' dir='ltr'><strong>antiquissima</strong></span> <span class='ocrx_word' id='word_1_37' title='bbox 1226 1105 1237 1145; x_wconf 96' lang='lat'><strong>,</strong></span> <span class='ocrx_word' id='word_1_38' title='bbox 1272 1069 1323 1124; x_wconf 88' lang='lat' dir='ltr'><strong>est</strong></span> <span class='ocrx_word' id='word_1_39' title='bbox 1353 1059 1488 1124; x_wconf 81' lang='lat' dir='ltr'><strong>condita</strong></span> 
     </span>
     <span class='ocr_line' id='line_1_7' title="bbox 313 1166 1488 1254; baseline -0.008 -17"><span class='ocrx_word' id='word_1_40' title='bbox 313 1173 422 1237; x_wconf 91' lang='lat' dir='ltr'><strong>statim</strong></span> <span class='ocrx_word' id='word_1_41' title='bbox 442 1180 517 1254; x_wconf 90' lang='lat' dir='ltr'><strong>post</strong></span> <span class='ocrx_word' id='word_1_42' title='bbox 533 1169 700 1250; x_wconf 87' lang='lat' dir='ltr'><strong>diluvium,</strong></span> <span class='ocrx_word' id='word_1_43' title='bbox 714 1177 838 1252; x_wconf 84' lang='lat' dir='ltr'><strong>septem</strong></span> <span class='ocrx_word' id='word_1_44' title='bbox 855 1170 950 1230; x_wconf 87' lang='lat' dir='ltr'><strong>annis</strong></span> <span class='ocrx_word' id='word_1_45' title='bbox 964 1168 1187 1230; x_wconf 75' lang='lat' dir='ltr'><strong>ante&#39;l&#39;ltauim</strong></span> <span class='ocrx_word' id='word_1_46' title='bbox 1205 1168 1315 1230; x_wconf 90' lang='lat' dir='ltr'><strong>urbem</strong></span> <span class='ocrx_word' id='word_1_47' title='bbox 1327 1166 1488 1250; x_wconf 81' lang='lat' dir='ltr'><strong>Aegypti,</strong></span> 
     </span>
     <span class='ocr_line' id='line_1_8' title="bbox 313 1270 1488 1353; baseline -0.011 -9"><span class='ocrx_word' id='word_1_48' title='bbox 313 1287 351 1344; x_wconf 91' lang='lat' dir='ltr'><strong>ut</strong></span> <span class='ocrx_word' id='word_1_49' title='bbox 373 1279 508 1343; x_wconf 87' lang='lat' dir='ltr'><strong>habetur</strong></span> <span class='ocrx_word' id='word_1_50' title='bbox 533 1275 581 1341; x_wconf 78' lang='grc'><strong>13.</strong></span> <span class='ocrx_word' id='word_1_51' title='bbox 603 1276 701 1339; x_wconf 85' lang='grc' dir='ltr'>Νιιιιι.</span> <span class='ocrx_word' id='word_1_52' title='bbox 730 1276 826 1336; x_wconf 82' lang='lat' dir='ltr'><strong>Hane</strong></span> <span class='ocrx_word' id='word_1_53' title='bbox 845 1274 956 1336; x_wconf 85' lang='lat' dir='ltr'><strong>urbem</strong></span> <span class='ocrx_word' id='word_1_54' title='bbox 977 1273 1113 1335; x_wconf 76' lang='lat' dir='ltr'><strong>nhanim</strong></span> <span class='ocrx_word' id='word_1_55' title='bbox 1135 1270 1348 1335; x_wconf 85' lang='lat' dir='ltr'><strong>eondidemnt</strong></span> <span class='ocrx_word' id='word_1_56' title='bbox 1369 1270 1488 1353; x_wconf 76' lang='lat' dir='ltr'><strong>Titani,</strong></span> 
     </span>
     <span class='ocr_line' id='line_1_9' title="bbox 313 1375 1488 1467; baseline -0.008 -20"><span class='ocrx_word' id='word_1_57' title='bbox 313 1387 483 1467; x_wconf 78' lang='lat' dir='ltr'><strong>gigantes,</strong></span> <span class='ocrx_word' id='word_1_58' title='bbox 522 1382 578 1465; x_wconf 89' lang='lat' dir='ltr'><strong>qni</strong></span> <span class='ocrx_word' id='word_1_59' title='bbox 609 1379 650 1443; x_wconf 89' lang='lat' dir='ltr'><strong>da</strong></span> <span class='ocrx_word' id='word_1_60' title='bbox 680 1380 814 1442; x_wconf 79' lang='lat' dir='ltr'>Hebron</span> <span class='ocrx_word' id='word_1_61' title='bbox 845 1379 878 1442; x_wconf 90' lang='lat' dir='ltr'><strong>in</strong></span> <span class='ocrx_word' id='word_1_62' title='bbox 912 1377 1098 1461; x_wconf 80' lang='lat' dir='ltr'><strong>Aegyptum</strong></span> <span class='ocrx_word' id='word_1_63' title='bbox 1135 1376 1387 1458; x_wconf 78' lang='lat' dir='ltr'><strong>descenderant,</strong></span> <span class='ocrx_word' id='word_1_64' title='bbox 1428 1375 1488 1438; x_wconf 87' lang='lat' dir='ltr'><strong>lilii</strong></span> 
     </span>
     <span class='ocr_line' id='line_1_10' title="bbox 313 1481 1486 1565; baseline -0.009 -14"><span class='ocrx_word' id='word_1_65' title='bbox 313 1490 420 1552; x_wconf 76' lang='lat' dir='ltr'><strong>&#39;litam</strong></span> <span class='ocrx_word' id='word_1_66' title='bbox 462 1485 527 1564; x_wconf 76' lang='lat' dir='ltr'><strong>Qui</strong></span> <span class='ocrx_word' id='word_1_67' title='bbox 553 1487 648 1548; x_wconf 77' lang='lat' dir='ltr'><strong>&#39;liban</strong></span> <span class='ocrx_word' id='word_1_68' title='bbox 668 1493 738 1547; x_wconf 90' lang='lat' dir='ltr'><strong>erat</strong></span> <span class='ocrx_word' id='word_1_69' title='bbox 768 1481 861 1545; x_wconf 88' lang='lat' dir='ltr'><strong>Coeli</strong></span> <span class='ocrx_word' id='word_1_70' title='bbox 880 1491 914 1544; x_wconf 87' lang='lat' dir='ltr'><strong>et</strong></span> <span class='ocrx_word' id='word_1_71' title='bbox 944 1482 1071 1546; x_wconf 81' lang='lat' dir='ltr'><strong>Vestae</strong></span> <span class='ocrx_word' id='word_1_72' title='bbox 1091 1483 1194 1565; x_wconf 88' lang='lat' dir='ltr'><strong>dlius,</strong></span> <span class='ocrx_word' id='word_1_73' title='bbox 1221 1482 1321 1545; x_wconf 85' lang='lat' dir='ltr'><strong>frater</strong></span> <span class='ocrx_word' id='word_1_74' title='bbox 1341 1481 1486 1560; x_wconf 89' lang='lat' dir='ltr'><strong>Saturni,</strong></span> 
     </span>
     <span class='ocr_line' id='line_1_11' title="bbox 315 1584 1554 1675; baseline -0.006 -19"><span class='ocrx_word' id='word_1_75' title='bbox 315 1592 410 1675; x_wconf 85' lang='lat' dir='ltr'><strong>enjus</strong></span> <span class='ocrx_word' id='word_1_76' title='bbox 443 1591 501 1656; x_wconf 87' lang='lat' dir='ltr'><strong>lilii</strong></span> <span class='ocrx_word' id='word_1_77' title='bbox 532 1609 605 1654; x_wconf 87' lang='lat' dir='ltr'><strong>oum</strong></span> <span class='ocrx_word' id='word_1_78' title='bbox 634 1589 723 1652; x_wconf 82' lang='lat' dir='ltr'><strong>Jove</strong></span> <span class='ocrx_word' id='word_1_79' title='bbox 753 1595 935 1670; x_wconf 83' lang='lat' dir='ltr'><strong>pugnarunt</strong></span> <span class='ocrx_word' id='word_1_80' title='bbox 968 1597 1002 1650; x_wconf 86' lang='lat' dir='ltr'><strong>et</strong></span> <span class='ocrx_word' id='word_1_81' title='bbox 1027 1587 1134 1650; x_wconf 86' lang='lat' dir='ltr'><strong>eonati</strong></span> <span class='ocrx_word' id='word_1_82' title='bbox 1154 1597 1248 1667; x_wconf 86' lang='lat' dir='ltr'><strong>sunt,</strong></span> <span class='ocrx_word' id='word_1_83' title='bbox 1284 1585 1363 1650; x_wconf 86' lang='lat' dir='ltr'><strong>deos</strong></span> <span class='ocrx_word' id='word_1_84' title='bbox 1391 1584 1486 1648; x_wconf 81' lang='lat' dir='ltr'><strong>coelo</strong></span> <span class='ocrx_word' id='word_1_85' title='bbox 1552 1596 1554 1602; x_wconf 84' lang='lat'>&#39;</span> 
     </span>
     <span class='ocr_line' id='line_1_12' title="bbox 313 1691 1485 1782; baseline -0.006 -23"><span class='ocrx_word' id='word_1_86' title='bbox 313 1698 450 1782; x_wconf 87' lang='lat' dir='ltr'><strong>pellere,</strong></span> <span class='ocrx_word' id='word_1_87' title='bbox 472 1694 531 1762; x_wconf 89' lang='lat' dir='ltr'><strong>sad</strong></span> <span class='ocrx_word' id='word_1_88' title='bbox 561 1693 718 1760; x_wconf 85' lang='lat' dir='ltr'><strong>fulminati</strong></span> <span class='ocrx_word' id='word_1_89' title='bbox 746 1693 889 1776; x_wconf 85' lang='lat' dir='ltr'><strong>suerunt,</strong></span> <span class='ocrx_word' id='word_1_90' title='bbox 922 1701 957 1755; x_wconf 93' lang='lat' dir='ltr'><strong>ut</strong></span> <span class='ocrx_word' id='word_1_91' title='bbox 989 1691 1123 1756; x_wconf 86' lang='lat' dir='ltr'><strong>babetur</strong></span> <span class='ocrx_word' id='word_1_92' title='bbox 1154 1695 1188 1754; x_wconf 92' lang='lat' dir='ltr'><strong>in</strong></span> <span class='ocrx_word' id='word_1_93' title='bbox 1219 1691 1321 1774; x_wconf 64' lang='lat' dir='ltr'><strong>Gan„</strong></span> <span class='ocrx_word' id='word_1_94' title='bbox 1353 1701 1388 1754; x_wconf 87' lang='lat' dir='ltr'><strong>et</strong></span> <span class='ocrx_word' id='word_1_95' title='bbox 1415 1691 1485 1754; x_wconf 84' lang='lat' dir='ltr'><strong>fera</strong></span> 
     </span>
     <span class='ocr_line' id='line_1_13' title="bbox 313 1797 1514 1882; baseline -0.006 -16"><span class='ocrx_word' id='word_1_96' title='bbox 313 1812 415 1867; x_wconf 85' lang='lat' dir='ltr'><strong>tatum</strong></span> <span class='ocrx_word' id='word_1_97' title='bbox 437 1802 545 1864; x_wconf 87' lang='lat' dir='ltr'><strong>orbem</strong></span> <span class='ocrx_word' id='word_1_98' title='bbox 574 1801 811 1882; x_wconf 88' lang='lat' dir='ltr'><strong>inquietamnt,</strong></span> <span class='ocrx_word' id='word_1_99' title='bbox 835 1804 872 1861; x_wconf 85' lang='lat' dir='ltr'><strong>ut</strong></span> <span class='ocrx_word' id='word_1_100' title='bbox 891 1805 1058 1880; x_wconf 86' lang='lat' dir='ltr'><strong>poetarum</strong></span> <span class='ocrx_word' id='word_1_101' title='bbox 1080 1801 1222 1861; x_wconf 81' lang='lat' dir='ltr'><strong>earmina</strong></span> <span class='ocrx_word' id='word_1_102' title='bbox 1243 1797 1381 1862; x_wconf 86' lang='lat' dir='ltr'><strong>tradunt.</strong></span> <span class='ocrx_word' id='word_1_103' title='bbox 1509 1867 1514 1872; x_wconf 51' lang='grc'>,</span> 
     </span>
    </p>

    <p class='ocr_par' dir='ltr' id='par_1_5' title="bbox 284 1901 1488 3774">
     <span class='ocr_line' id='line_1_14' title="bbox 394 1901 1488 1990; baseline -0.006 -20"><span class='ocrx_word' id='word_1_104' title='bbox 394 1907 529 1970; x_wconf 86' lang='lat' dir='ltr'><strong>&#39;l&#39;hanim</strong></span> <span class='ocrx_word' id='word_1_105' title='bbox 550 1923 628 1990; x_wconf 85' lang='lat' dir='ltr'><strong>ergo</strong></span> <span class='ocrx_word' id='word_1_106' title='bbox 648 1904 767 1970; x_wconf 82' lang='lat' dir='ltr'><strong>eivitas</strong></span> <span class='ocrx_word' id='word_1_107' title='bbox 787 1904 954 1987; x_wconf 80' lang='lat' dir='ltr'><strong>gigantum</strong></span> <span class='ocrx_word' id='word_1_108' title='bbox 976 1903 1110 1989; x_wconf 88' lang='lat' dir='ltr'><strong>antiqua</strong></span> <span class='ocrx_word' id='word_1_109' title='bbox 1140 1904 1286 1989; x_wconf 79' lang='lat' dir='ltr'><strong>Aegypti</strong></span> <span class='ocrx_word' id='word_1_110' title='bbox 1313 1901 1488 1966; x_wconf 84' lang='lat' dir='ltr'><strong>aedilioata</strong></span> 
     </span>
     <span class='ocr_line' id='line_1_15' title="bbox 315 2007 1486 2096; baseline -0.009 -18"><span class='ocrx_word' id='word_1_111' title='bbox 315 2023 366 2078; x_wconf 87' lang='lat' dir='ltr'><strong>est</strong></span> <span class='ocrx_word' id='word_1_112' title='bbox 388 2033 409 2076; x_wconf 95' lang='lat' dir='ltr'><strong>a</strong></span> <span class='ocrx_word' id='word_1_113' title='bbox 428 2013 632 2096; x_wconf 70' lang='lat' dir='ltr'><strong>gigantibus,</strong></span> <span class='ocrx_word' id='word_1_114' title='bbox 665 2008 936 2073; x_wconf 72' lang='lat' dir='ltr'><strong>descendentibus</strong></span> <span class='ocrx_word' id='word_1_115' title='bbox 966 2009 1007 2072; x_wconf 90' lang='lat' dir='ltr'><strong>de</strong></span> <span class='ocrx_word' id='word_1_116' title='bbox 1039 2010 1181 2072; x_wconf 84' lang='lat' dir='ltr'><strong>llebron.</strong></span> <span class='ocrx_word' id='word_1_117' title='bbox 1224 2010 1318 2072; x_wconf 86' lang='lat' dir='ltr'><strong>Haeo</strong></span> <span class='ocrx_word' id='word_1_118' title='bbox 1350 2007 1486 2070; x_wconf 77' lang='lat' dir='ltr'>Hebron</span> 
     </span>
     <span class='ocr_line' id='line_1_16' title="bbox 316 2110 1484 2205; baseline -0.008 -22"><span class='ocrx_word' id='word_1_119' title='bbox 316 2127 454 2205; x_wconf 86' lang='lat' dir='ltr'><strong>quatuor</strong></span> <span class='ocrx_word' id='word_1_120' title='bbox 474 2117 589 2180; x_wconf 88' lang='lat' dir='ltr'><strong>sortita</strong></span> <span class='ocrx_word' id='word_1_121' title='bbox 619 2123 669 2177; x_wconf 87' lang='lat' dir='ltr'><strong>est</strong></span> <span class='ocrx_word' id='word_1_122' title='bbox 691 2115 828 2177; x_wconf 89' lang='lat' dir='ltr'><strong>nomina.</strong></span> <span class='ocrx_word' id='word_1_123' title='bbox 872 2112 981 2178; x_wconf 86' lang='lat' dir='ltr'><strong>Primo</strong></span> <span class='ocrx_word' id='word_1_124' title='bbox 1002 2113 1088 2177; x_wconf 85' lang='lat' dir='ltr'><strong>dieta</strong></span> <span class='ocrx_word' id='word_1_125' title='bbox 1117 2122 1170 2178; x_wconf 89' lang='lat' dir='ltr'><strong>est</strong></span> <span class='ocrx_word' id='word_1_126' title='bbox 1195 2114 1323 2196; x_wconf 86' lang='lat' dir='ltr'><strong>Arbae,</strong></span> <span class='ocrx_word' id='word_1_127' title='bbox 1358 2110 1484 2176; x_wconf 79' lang='lat' dir='ltr'><strong>(lenas.</strong></span> 
     </span>
     <span class='ocr_line' id='line_1_17' title="bbox 315 2215 1486 2302; baseline -0.01 -10"><span class='ocrx_word' id='word_1_128' title='bbox 315 2225 370 2293; x_wconf 73' lang='lat'><strong>23.</strong></span> <span class='ocrx_word' id='word_1_129' title='bbox 392 2233 425 2287; x_wconf 87' lang='lat' dir='ltr'><strong>et</strong></span> <span class='ocrx_word' id='word_1_130' title='bbox 446 2224 508 2286; x_wconf 85' lang='lat' dir='ltr'><strong>boo</strong></span> <span class='ocrx_word' id='word_1_131' title='bbox 528 2237 645 2285; x_wconf 89' lang='lat' dir='ltr'><strong>nomen</strong></span> <span class='ocrx_word' id='word_1_132' title='bbox 665 2221 764 2284; x_wconf 85' lang='lat' dir='ltr'><strong>babet</strong></span> <span class='ocrx_word' id='word_1_133' title='bbox 786 2219 826 2292; x_wconf 87' lang='lat' dir='ltr'><strong>ab</strong></span> <span class='ocrx_word' id='word_1_134' title='bbox 849 2217 967 2300; x_wconf 88' lang='lat' dir='ltr'><strong>Arbae,</strong></span> <span class='ocrx_word' id='word_1_135' title='bbox 989 2217 1060 2300; x_wconf 87' lang='lat' dir='ltr'><strong>ejus</strong></span> <span class='ocrx_word' id='word_1_136' title='bbox 1081 2218 1249 2283; x_wconf 79' lang='lat' dir='ltr'><strong>conditore</strong></span> <span class='ocrx_word' id='word_1_137' title='bbox 1269 2220 1381 2302; x_wconf 88' lang='lat' dir='ltr'><strong>primo.</strong></span> <span class='ocrx_word' id='word_1_138' title='bbox 1419 2215 1486 2280; x_wconf 88' lang='lat' dir='ltr'><strong>Se·</strong></span> 
     </span>
     <span class='ocr_line' id='line_1_18' title="bbox 317 2322 1486 2407; baseline -0.007 -13"><span class='ocrx_word' id='word_1_139' title='bbox 317 2329 422 2394; x_wconf 87' lang='lat' dir='ltr'><strong>eundo</strong></span> <span class='ocrx_word' id='word_1_140' title='bbox 445 2328 561 2390; x_wconf 84' lang='lat' dir='ltr'><strong>dieitur</strong></span> <span class='ocrx_word' id='word_1_141' title='bbox 581 2326 804 2404; x_wconf 85' lang='lat' dir='ltr'><strong>Kariatbarbe,</strong></span> <span class='ocrx_word' id='word_1_142' title='bbox 826 2323 950 2386; x_wconf 84' lang='lat' dir='ltr'><strong>dosuae</strong></span> <span class='ocrx_word' id='word_1_143' title='bbox 964 2323 1067 2405; x_wconf 82' lang='lat' dir='ltr'><strong>XlV,</strong></span> <span class='ocrx_word' id='word_1_144' title='bbox 1090 2323 1175 2405; x_wconf 87' lang='lat' dir='ltr'><strong>quod</strong></span> <span class='ocrx_word' id='word_1_145' title='bbox 1197 2322 1281 2386; x_wconf 89' lang='lat' dir='ltr'><strong>idem</strong></span> <span class='ocrx_word' id='word_1_146' title='bbox 1304 2331 1367 2405; x_wconf 88' lang='lat' dir='ltr'><strong>est,</strong></span> <span class='ocrx_word' id='word_1_147' title='bbox 1386 2342 1486 2407; x_wconf 88' lang='lat' dir='ltr'><strong>quam</strong></span> 
     </span>
     <span class='ocr_line' id='line_1_19' title="bbox 317 2427 1484 2514; baseline -0.007 -16"><span class='ocrx_word' id='word_1_148' title='bbox 317 2435 433 2498; x_wconf 75' lang='lat' dir='ltr'><strong>civitas</strong></span> <span class='ocrx_word' id='word_1_149' title='bbox 450 2432 549 2514; x_wconf 83' lang='lat' dir='ltr'><strong>Arba,</strong></span> <span class='ocrx_word' id='word_1_150' title='bbox 569 2431 624 2494; x_wconf 88' lang='lat' dir='ltr'><strong>vel</strong></span> <span class='ocrx_word' id='word_1_151' title='bbox 647 2430 765 2491; x_wconf 79' lang='lat' dir='ltr'><strong>civitas</strong></span> <span class='ocrx_word' id='word_1_152' title='bbox 786 2438 933 2511; x_wconf 88' lang='lat' dir='ltr'><strong>quatuor,</strong></span> <span class='ocrx_word' id='word_1_153' title='bbox 954 2429 1030 2511; x_wconf 87' lang='lat' dir='ltr'><strong>quia</strong></span> <span class='ocrx_word' id='word_1_154' title='bbox 1050 2427 1186 2491; x_wconf 85' lang='lat' dir='ltr'><strong>Kariath</strong></span> <span class='ocrx_word' id='word_1_155' title='bbox 1207 2429 1293 2492; x_wconf 87' lang='lat' dir='ltr'><strong>idem</strong></span> <span class='ocrx_word' id='word_1_156' title='bbox 1315 2437 1377 2510; x_wconf 88' lang='lat' dir='ltr'><strong>ast,</strong></span> <span class='ocrx_word' id='word_1_157' title='bbox 1396 2427 1484 2513; x_wconf 89' lang='lat' dir='ltr'><strong>quod</strong></span> 
     </span>
     <span class='ocr_line' id='line_1_20' title="bbox 318 2533 1485 2620; baseline -0.005 -18"><span class='ocrx_word' id='word_1_158' title='bbox 318 2540 453 2620; x_wconf 76' lang='lat' dir='ltr'><strong>divitas,</strong></span> <span class='ocrx_word' id='word_1_159' title='bbox 480 2545 514 2599; x_wconf 89' lang='lat' dir='ltr'><strong>et</strong></span> <span class='ocrx_word' id='word_1_160' title='bbox 533 2536 624 2597; x_wconf 85' lang='lat' dir='ltr'><strong>Arba</strong></span> <span class='ocrx_word' id='word_1_161' title='bbox 644 2534 747 2613; x_wconf 85' lang='lat' dir='ltr'><strong>idem,</strong></span> <span class='ocrx_word' id='word_1_162' title='bbox 765 2533 850 2618; x_wconf 89' lang='lat' dir='ltr'><strong>quod</strong></span> <span class='ocrx_word' id='word_1_163' title='bbox 876 2543 1021 2618; x_wconf 87' lang='lat' dir='ltr'><strong>quatuor.</strong></span> <span class='ocrx_word' id='word_1_164' title='bbox 1065 2533 1107 2597; x_wconf 74' lang='lat' dir='ltr'><strong>Et</strong></span> <span class='ocrx_word' id='word_1_165' title='bbox 1128 2552 1261 2616; x_wconf 91' lang='lat' dir='ltr'><strong>nomen,</strong></span> <span class='ocrx_word' id='word_1_166' title='bbox 1283 2533 1370 2616; x_wconf 82' lang='lat' dir='ltr'><strong>qnod</strong></span> <span class='ocrx_word' id='word_1_167' title='bbox 1397 2534 1485 2596; x_wconf 91' lang='lat' dir='ltr'><strong>anti-</strong></span> 
     </span>
     <span class='ocr_line' id='line_1_21' title="bbox 318 2637 1484 2729; baseline -0.005 -23"><span class='ocrx_word' id='word_1_168' title='bbox 318 2645 427 2729; x_wconf 85' lang='lat' dir='ltr'><strong>quitus</strong></span> <span class='ocrx_word' id='word_1_169' title='bbox 449 2643 579 2704; x_wconf 82' lang='lat' dir='ltr'>Hebron</span> <span class='ocrx_word' id='word_1_170' title='bbox 601 2641 641 2702; x_wconf 90' lang='lat' dir='ltr'><strong>ab</strong></span> <span class='ocrx_word' id='word_1_171' title='bbox 669 2641 818 2703; x_wconf 87' lang='lat' dir='ltr'><strong>omuibus</strong></span> <span class='ocrx_word' id='word_1_172' title='bbox 840 2648 905 2701; x_wconf 91' lang='lat' dir='ltr'><strong>tam</strong></span> <span class='ocrx_word' id='word_1_173' title='bbox 925 2637 1110 2702; x_wconf 83' lang='lat' dir='ltr'><strong>infidelibus</strong></span> <span class='ocrx_word' id='word_1_174' title='bbox 1131 2657 1226 2722; x_wconf 89' lang='lat' dir='ltr'><strong>quarn</strong></span> <span class='ocrx_word' id='word_1_175' title='bbox 1248 2639 1397 2703; x_wconf 88' lang='lat' dir='ltr'><strong>ddelibus</strong></span> <span class='ocrx_word' id='word_1_176' title='bbox 1431 2639 1484 2700; x_wconf 90' lang='lat' dir='ltr'><strong>di-</strong></span> 
     </span>
     <span class='ocr_line' id='line_1_22' title="bbox 299 2742 1485 2828; baseline -0.008 -13"><span class='ocrx_word' id='word_1_177' title='bbox 299 2752 453 2816; x_wconf 89' lang='lat' dir='ltr'><strong>.oebatnr</strong></span> <span class='ocrx_word' id='word_1_178' title='bbox 484 2745 709 2828; x_wconf 69' lang='lat' dir='ltr'><strong>cariatharbe,</strong></span> <span class='ocrx_word' id='word_1_179' title='bbox 737 2744 770 2807; x_wconf 94' lang='lat' dir='ltr'><strong>id</strong></span> <span class='ocrx_word' id='word_1_180' title='bbox 791 2751 863 2826; x_wconf 88' lang='lat' dir='ltr'><strong>est,</strong></span> <span class='ocrx_word' id='word_1_181' title='bbox 882 2745 999 2806; x_wconf 87' lang='lat' dir='ltr'><strong>elvitas</strong></span> <span class='ocrx_word' id='word_1_182' title='bbox 1020 2753 1173 2828; x_wconf 89' lang='lat' dir='ltr'><strong>quatuor,</strong></span> <span class='ocrx_word' id='word_1_183' title='bbox 1201 2743 1261 2808; x_wconf 86' lang='lat' dir='ltr'><strong>sed</strong></span> <span class='ocrx_word' id='word_1_184' title='bbox 1280 2745 1344 2808; x_wconf 87' lang='lat' dir='ltr'><strong>alia</strong></span> <span class='ocrx_word' id='word_1_185' title='bbox 1367 2751 1399 2808; x_wconf 91' lang='lat' dir='ltr'><strong>et</strong></span> <span class='ocrx_word' id='word_1_186' title='bbox 1419 2742 1485 2806; x_wconf 81' lang='lat' dir='ltr'><strong>alia</strong></span> 
     </span>
     <span class='ocr_line' id='line_1_23' title="bbox 317 2849 1485 2934; baseline -0.007 -16"><span class='ocrx_word' id='word_1_187' title='bbox 317 2856 453 2919; x_wconf 83' lang='lat' dir='ltr'><strong>ratione.</strong></span> <span class='ocrx_word' id='word_1_188' title='bbox 488 2851 642 2916; x_wconf 87' lang='lat' dir='ltr'><strong>lnddeles</strong></span> <span class='ocrx_word' id='word_1_189' title='bbox 664 2853 715 2914; x_wconf 84' lang='lat' dir='ltr'><strong>sie</strong></span> <span class='ocrx_word' id='word_1_190' title='bbox 734 2869 807 2914; x_wconf 88' lang='lat' dir='ltr'><strong>eam</strong></span> <span class='ocrx_word' id='word_1_191' title='bbox 828 2850 1034 2913; x_wconf 89' lang='lat' dir='ltr'><strong>nominabant</strong></span> <span class='ocrx_word' id='word_1_192' title='bbox 1056 2860 1184 2934; x_wconf 81' lang='lat' dir='ltr'><strong>propter</strong></span> <span class='ocrx_word' id='word_1_193' title='bbox 1205 2860 1344 2934; x_wconf 86' lang='lat' dir='ltr'><strong>quatuor</strong></span> <span class='ocrx_word' id='word_1_194' title='bbox 1363 2849 1485 2932; x_wconf 76' lang='lat' dir='ltr'><strong>gigan-</strong></span> 
     </span>
     <span class='ocr_line' id='line_1_24' title="bbox 317 2953 1484 3042; baseline -0.006 -19"><span class='ocrx_word' id='word_1_195' title='bbox 317 2967 370 3023; x_wconf 87' lang='lat' dir='ltr'><strong>tas</strong></span> <span class='ocrx_word' id='word_1_196' title='bbox 393 2962 438 3023; x_wconf 87' lang='lat' dir='ltr'><strong>ibi</strong></span> <span class='ocrx_word' id='word_1_197' title='bbox 459 2957 621 3042; x_wconf 86' lang='lat' dir='ltr'><strong>sepultos,</strong></span> <span class='ocrx_word' id='word_1_198' title='bbox 643 2957 771 3020; x_wconf 82' lang='lat' dir='ltr'><strong>scilieet</strong></span> <span class='ocrx_word' id='word_1_199' title='bbox 789 2957 916 3038; x_wconf 80' lang='lat' dir='ltr'><strong>Enaob,</strong></span> <span class='ocrx_word' id='word_1_200' title='bbox 940 2955 1117 3040; x_wconf 83' lang='lat' dir='ltr'><strong>Ambinan,</strong></span> <span class='ocrx_word' id='word_1_201' title='bbox 1150 2957 1243 3021; x_wconf 87' lang='lat' dir='ltr'><strong>Gisai</strong></span> <span class='ocrx_word' id='word_1_202' title='bbox 1270 2965 1304 3018; x_wconf 87' lang='lat' dir='ltr'><strong>et</strong></span> <span class='ocrx_word' id='word_1_203' title='bbox 1324 2953 1484 3034; x_wconf 75' lang='lat' dir='ltr'><strong>nholmar,</strong></span> 
     </span>
     <span class='ocr_line' id='line_1_25' title="bbox 284 3061 1484 3144; baseline -0.009 -14"><span class='ocrx_word' id='word_1_204' title='bbox 284 3065 490 3144; x_wconf 70' lang='lat' dir='ltr'><strong>,Numerom</strong></span> <span class='ocrx_word' id='word_1_205' title='bbox 531 3064 582 3132; x_wconf 80' lang='lat' dir='ltr'><strong>ta.</strong></span> <span class='ocrx_word' id='word_1_206' title='bbox 633 3063 766 3128; x_wconf 76' lang='lat' dir='ltr'><strong>Fideles</strong></span> <span class='ocrx_word' id='word_1_207' title='bbox 795 3073 901 3126; x_wconf 86' lang='lat' dir='ltr'><strong>autem</strong></span> <span class='ocrx_word' id='word_1_208' title='bbox 933 3080 1003 3124; x_wconf 90' lang='lat' dir='ltr'><strong>eam</strong></span> <span class='ocrx_word' id='word_1_209' title='bbox 1035 3061 1082 3125; x_wconf 90' lang='lat' dir='ltr'><strong>ita</strong></span> <span class='ocrx_word' id='word_1_210' title='bbox 1110 3063 1315 3126; x_wconf 85' lang='lat' dir='ltr'><strong>nominabant</strong></span> <span class='ocrx_word' id='word_1_211' title='bbox 1351 3065 1484 3143; x_wconf 87' lang='lat' dir='ltr'><strong>propter</strong></span> 
     </span>
     <span class='ocr_line' id='line_1_26' title="bbox 316 3149 1481 3251; baseline -0.004 -21"><span class='ocrx_word' id='word_1_212' title='bbox 316 3178 453 3251; x_wconf 83' lang='lat' dir='ltr'><strong>quatuor</strong></span> <span class='ocrx_word' id='word_1_213' title='bbox 474 3167 690 3250; x_wconf 84' lang='lat' dir='ltr'><strong>patriarcbas,</strong></span> <span class='ocrx_word' id='word_1_214' title='bbox 712 3167 835 3249; x_wconf 91' lang='lat' dir='ltr'><strong>Adam,</strong></span> <span class='ocrx_word' id='word_1_215' title='bbox 856 3165 1039 3247; x_wconf 88' lang='lat' dir='ltr'><strong>Abrabam,</strong></span> <span class='ocrx_word' id='word_1_216' title='bbox 1061 3167 1155 3229; x_wconf 73' lang='lat' dir='ltr'><strong>haee</strong></span> <span class='ocrx_word' id='word_1_217' title='bbox 1189 3149 1234 3229; x_wconf 61' lang='lat' dir='ltr'><strong>et&#39;</strong></span> <span class='ocrx_word' id='word_1_218' title='bbox 1252 3165 1376 3245; x_wconf 84' lang='lat' dir='ltr'><strong>Jacob,</strong></span> <span class='ocrx_word' id='word_1_219' title='bbox 1407 3181 1481 3226; x_wconf 90' lang='lat' dir='ltr'><strong>eum</strong></span> 
     </span>
     <span class='ocr_line' id='line_1_27' title="bbox 316 3270 1482 3358; baseline -0.004 -23"><span class='ocrx_word' id='word_1_220' title='bbox 316 3281 454 3358; x_wconf 84' lang='lat' dir='ltr'><strong>quatuor</strong></span> <span class='ocrx_word' id='word_1_221' title='bbox 484 3272 677 3355; x_wconf 79' lang='lat' dir='ltr'><strong>conjugibus</strong></span> <span class='ocrx_word' id='word_1_222' title='bbox 716 3271 762 3333; x_wconf 90' lang='lat' dir='ltr'><strong>ibi</strong></span> <span class='ocrx_word' id='word_1_223' title='bbox 794 3271 949 3352; x_wconf 81' lang='lat' dir='ltr'><strong>sepultos.</strong></span> <span class='ocrx_word' id='word_1_224' title='bbox 1001 3270 1109 3334; x_wconf 78' lang='lat' dir='ltr'><strong>&#39;lertio</strong></span> <span class='ocrx_word' id='word_1_225' title='bbox 1141 3270 1257 3336; x_wconf 87' lang='lat' dir='ltr'><strong>dieitur</strong></span> <span class='ocrx_word' id='word_1_226' title='bbox 1288 3270 1422 3333; x_wconf 86' lang='lat' dir='ltr'><strong>Hebron</strong></span> <span class='ocrx_word' id='word_1_227' title='bbox 1460 3285 1482 3330; x_wconf 84' lang='lat' dir='ltr'><strong>a</strong></span> 
     </span>
     <span class='ocr_line' id='line_1_28' title="bbox 316 3372 1483 3461; baseline -0.003 -21"><span class='ocrx_word' id='word_1_228' title='bbox 316 3377 454 3461; x_wconf 85' lang='lat' dir='ltr'><strong>quodam</strong></span> <span class='ocrx_word' id='word_1_229' title='bbox 475 3377 542 3439; x_wconf 88' lang='lat' dir='ltr'><strong>lilio</strong></span> <span class='ocrx_word' id='word_1_230' title='bbox 564 3375 665 3438; x_wconf 83' lang='lat' dir='ltr'><strong>Caleb</strong></span> <span class='ocrx_word' id='word_1_231' title='bbox 694 3377 744 3437; x_wconf 85' lang='lat' dir='ltr'><strong>sio</strong></span> <span class='ocrx_word' id='word_1_232' title='bbox 775 3376 950 3443; x_wconf 84' lang='lat' dir='ltr'><strong>nominato.</strong></span> <span class='ocrx_word' id='word_1_233' title='bbox 992 3372 1115 3451; x_wconf 77' lang='lat' dir='ltr'><strong>Quarto</strong></span> <span class='ocrx_word' id='word_1_234' title='bbox 1136 3376 1317 3440; x_wconf 89' lang='lat' dir='ltr'><strong>nominatur</strong></span> <span class='ocrx_word' id='word_1_235' title='bbox 1343 3374 1439 3440; x_wconf 87' lang='lat' dir='ltr'><strong>bodie</strong></span> <span class='ocrx_word' id='word_1_236' title='bbox 1460 3392 1483 3436; x_wconf 87' lang='lat' dir='ltr'><strong>a</strong></span> 
     </span>
     <span class='ocr_line' id='line_1_29' title="bbox 315 3477 1482 3564; baseline -0.003 -18"><span class='ocrx_word' id='word_1_237' title='bbox 315 3481 506 3546; x_wconf 83' lang='lat' dir='ltr'><strong>Sarracenis</strong></span> <span class='ocrx_word' id='word_1_238' title='bbox 526 3480 617 3541; x_wconf 84' lang='lat' dir='ltr'><strong>Abra</strong></span> <span class='ocrx_word' id='word_1_239' title='bbox 643 3488 774 3561; x_wconf 86' lang='lat' dir='ltr'><strong>propter</strong></span> <span class='ocrx_word' id='word_1_240' title='bbox 795 3477 959 3542; x_wconf 80' lang='lat' dir='ltr'><strong>Abrabam</strong></span> <span class='ocrx_word' id='word_1_241' title='bbox 980 3480 1025 3544; x_wconf 92' lang='lat' dir='ltr'><strong>ibi</strong></span> <span class='ocrx_word' id='word_1_242' title='bbox 1044 3479 1218 3563; x_wconf 87' lang='lat' dir='ltr'><strong>sepultum.</strong></span> <span class='ocrx_word' id='word_1_243' title='bbox 1256 3481 1300 3545; x_wconf 83' lang='lat' dir='ltr'><strong>lit</strong></span> <span class='ocrx_word' id='word_1_244' title='bbox 1327 3481 1482 3564; x_wconf 70' lang='lat' dir='ltr'><strong>magister</strong></span> 
     </span>
     <span class='ocr_line' id='line_1_30' title="bbox 314 3583 1480 3676; baseline 0 -28"><span class='ocrx_word' id='word_1_245' title='bbox 314 3587 348 3648; x_wconf 91' lang='lat' dir='ltr'><strong>in</strong></span> <span class='ocrx_word' id='word_1_246' title='bbox 371 3585 466 3669; x_wconf 87' lang='lat' dir='ltr'><strong>Spee.</strong></span> <span class='ocrx_word' id='word_1_247' title='bbox 490 3585 614 3648; x_wconf 78' lang='lat' dir='ltr'><strong>Hister.</strong></span> <span class='ocrx_word' id='word_1_248' title='bbox 637 3585 780 3649; x_wconf 82' lang='lat' dir='ltr'><strong>nominat</strong></span> <span class='ocrx_word' id='word_1_249' title='bbox 805 3603 876 3647; x_wconf 86' lang='lat' dir='ltr'><strong>eam</strong></span> <span class='ocrx_word' id='word_1_250' title='bbox 898 3583 1178 3667; x_wconf 88' lang='lat' dir='ltr'><strong>Abrabamminm,</strong></span> <span class='ocrx_word' id='word_1_251' title='bbox 1200 3587 1287 3650; x_wconf 88' lang='lat' dir='ltr'><strong>sieut</strong></span> <span class='ocrx_word' id='word_1_252' title='bbox 1306 3584 1422 3676; x_wconf 82' lang='lat' dir='ltr'><strong>Sarra3</strong></span> <span class='ocrx_word' id='word_1_253' title='bbox 1444 3593 1480 3648; x_wconf 86' lang='lat' dir='ltr'><strong>et</strong></span> 
     </span>
     <span class='ocr_line' id='line_1_31' title="bbox 314 3690 699 3774; baseline -0.005 -20"><span class='ocrx_word' id='word_1_254' title='bbox 314 3709 415 3774; x_wconf 87' lang='lat' dir='ltr'><strong>saepe</strong></span> <span class='ocrx_word' id='word_1_255' title='bbox 436 3690 552 3753; x_wconf 87' lang='lat' dir='ltr'><strong>dieitur</strong></span> <span class='ocrx_word' id='word_1_256' title='bbox 571 3690 699 3753; x_wconf 69' lang='lat' dir='ltr'><strong>Eunus.</strong></span> 
     </span>
    </p>

    <p class='ocr_par' dir='ltr' id='par_1_6' title="bbox 275 3774 1519 4407">
     <span class='ocr_line' id='line_1_32' title="bbox 403 3774 1519 3880; baseline -0.002 -20"><span class='ocrx_word' id='word_1_257' title='bbox 403 3795 455 3860; x_wconf 83' lang='lat' dir='ltr'><strong>lle</strong></span> <span class='ocrx_word' id='word_1_258' title='bbox 476 3797 539 3859; x_wconf 88' lang='lat' dir='ltr'><strong>bae</strong></span> <span class='ocrx_word' id='word_1_259' title='bbox 554 3797 689 3860; x_wconf 84' lang='lat' dir='ltr'><strong>eivitate</strong></span> <span class='ocrx_word' id='word_1_260' title='bbox 711 3795 789 3860; x_wconf 87' lang='lat' dir='ltr'><strong>dieit</strong></span> <span class='ocrx_word' id='word_1_261' title='bbox 821 3797 1042 3880; x_wconf 83' lang='lat' dir='ltr'><strong>Hieronymus</strong></span> <span class='ocrx_word' id='word_1_262' title='bbox 1063 3795 1105 3858; x_wconf 89' lang='lat' dir='ltr'><strong>de</strong></span> <span class='ocrx_word' id='word_1_263' title='bbox 1136 3793 1299 3858; x_wconf 76' lang='lat' dir='ltr'><strong>distantiis</strong></span> <span class='ocrx_word' id='word_1_264' title='bbox 1321 3793 1479 3878; x_wconf 76' lang='lat' dir='ltr'><strong>locorum,</strong></span> <span class='ocrx_word' id='word_1_265' title='bbox 1514 3774 1519 3780; x_wconf 38' lang='lat'><strong>¹</strong></span> 
     </span>
     <span class='ocr_line' id='line_1_33' title="bbox 313 3899 1480 3985; baseline -0.004 -19"><span class='ocrx_word' id='word_1_266' title='bbox 313 3901 399 3984; x_wconf 85' lang='lat' dir='ltr'><strong>quod</strong></span> <span class='ocrx_word' id='word_1_267' title='bbox 420 3901 496 3966; x_wconf 90' lang='lat' dir='ltr'><strong>alim</strong></span> <span class='ocrx_word' id='word_1_268' title='bbox 529 3911 598 3965; x_wconf 87' lang='lat' dir='ltr'><strong>erat</strong></span> <span class='ocrx_word' id='word_1_269' title='bbox 627 3902 812 3985; x_wconf 88' lang='lat' dir='ltr'><strong>metropolis</strong></span> <span class='ocrx_word' id='word_1_270' title='bbox 840 3900 1079 3965; x_wconf 85' lang='lat' dir='ltr'><strong>Philistinomm</strong></span> <span class='ocrx_word' id='word_1_271' title='bbox 1112 3907 1146 3963; x_wconf 84' lang='lat' dir='ltr'><strong>et</strong></span> <span class='ocrx_word' id='word_1_272' title='bbox 1177 3899 1392 3964; x_wconf 77' lang='lat' dir='ltr'><strong>babitaculum</strong></span> <span class='ocrx_word' id='word_1_273' title='bbox 1424 3900 1480 3982; x_wconf 81' lang='lat' dir='ltr'><strong>gi-</strong></span> 
     </span>
     <span class='ocr_line' id='line_1_34' title="bbox 311 4003 1478 4090; baseline 0.002 -20"><span class='ocrx_word' id='word_1_274' title='bbox 311 4016 444 4089; x_wconf 79' lang='lat' dir='ltr'><strong>gantum</strong></span> <span class='ocrx_word' id='word_1_275' title='bbox 472 4025 648 4090; x_wconf 79' lang='lat' dir='ltr'><strong>regumque</strong></span> <span class='ocrx_word' id='word_1_276' title='bbox 668 4010 702 4068; x_wconf 92' lang='lat' dir='ltr'><strong>in</strong></span> <span class='ocrx_word' id='word_1_277' title='bbox 735 4008 818 4070; x_wconf 89' lang='lat' dir='ltr'><strong>tribu</strong></span> <span class='ocrx_word' id='word_1_278' title='bbox 838 4006 943 4090; x_wconf 85' lang='lat' dir='ltr'><strong>Juda,</strong></span> <span class='ocrx_word' id='word_1_279' title='bbox 972 4007 1088 4071; x_wconf 78' lang='lat' dir='ltr'><strong>divitas</strong></span> <span class='ocrx_word' id='word_1_280' title='bbox 1117 4003 1331 4068; x_wconf 77' lang='lat' dir='ltr'><strong>sacerdotalis</strong></span> <span class='ocrx_word' id='word_1_281' title='bbox 1358 4011 1391 4067; x_wconf 87' lang='lat' dir='ltr'><strong>et</strong></span> <span class='ocrx_word' id='word_1_282' title='bbox 1423 4003 1478 4072; x_wconf 79' lang='lat' dir='ltr'><strong>i-</strong></span> 
     </span>
     <span class='ocr_line' id='line_1_35' title="bbox 275 4108 1479 4196; baseline -0.002 -23"><span class='ocrx_word' id='word_1_283' title='bbox 275 4137 276 4142; x_wconf 42' lang='lat'><em>*</em></span> <span class='ocrx_word' id='word_1_284' title='bbox 309 4112 492 4196; x_wconf 69' lang='lat' dir='ltr'><strong>gitis-orum·</strong></span> <span class='ocrx_word' id='word_1_285' title='bbox 535 4110 645 4175; x_wconf 86' lang='lat' dir='ltr'><strong>Distat</strong></span> <span class='ocrx_word' id='word_1_286' title='bbox 664 4110 706 4174; x_wconf 89' lang='lat' dir='ltr'><strong>ad</strong></span> <span class='ocrx_word' id='word_1_287' title='bbox 731 4111 947 4186; x_wconf 48' lang='lat' dir='ltr'><strong>meridianam,</strong></span> <span class='ocrx_word' id='word_1_288' title='bbox 960 4112 1088 4194; x_wconf 77' lang='lat' dir='ltr'><strong>plagam</strong></span> <span class='ocrx_word' id='word_1_289' title='bbox 1110 4114 1149 4172; x_wconf 95' lang='lat' dir='ltr'><strong>ab</strong></span> <span class='ocrx_word' id='word_1_290' title='bbox 1172 4109 1357 4174; x_wconf 83' lang='lat' dir='ltr'><strong>Jerusalem</strong></span> <span class='ocrx_word' id='word_1_291' title='bbox 1378 4108 1479 4172; x_wconf 88' lang='lat' dir='ltr'><strong>milli-</strong></span> 
     </span>
     <span class='ocr_line' id='line_1_36' title="bbox 309 4215 1478 4300; baseline -0.005 -18"><span class='ocrx_word' id='word_1_292' title='bbox 309 4216 371 4282; x_wconf 81' lang='lat' dir='ltr'><strong>bus</strong></span> <span class='ocrx_word' id='word_1_293' title='bbox 392 4217 520 4280; x_wconf 84' lang='lat' dir='ltr'><strong>oireiter</strong></span> <span class='ocrx_word' id='word_1_294' title='bbox 541 4217 642 4280; x_wconf 79' lang='lat' dir='ltr'><strong>Xllll.</strong></span> <span class='ocrx_word' id='word_1_295' title='bbox 685 4217 779 4280; x_wconf 85' lang='lat' dir='ltr'><strong>Haeo</strong></span> <span class='ocrx_word' id='word_1_296' title='bbox 799 4217 863 4280; x_wconf 87' lang='lat' dir='ltr'><strong>ille.</strong></span> <span class='ocrx_word' id='word_1_297' title='bbox 892 4218 988 4280; x_wconf 87' lang='lat' dir='ltr'><strong>llano</strong></span> <span class='ocrx_word' id='word_1_298' title='bbox 1008 4217 1191 4297; x_wconf 73' lang='lat' dir='ltr'><strong>civitatem,</strong></span> <span class='ocrx_word' id='word_1_299' title='bbox 1217 4215 1324 4300; x_wconf 83' lang='lat' dir='ltr'><strong>quoad</strong></span> <span class='ocrx_word' id='word_1_300' title='bbox 1352 4221 1478 4297; x_wconf 87' lang='lat' dir='ltr'><strong>partam</strong></span> 
     </span>
     <span class='ocr_line' id='line_1_37' title="bbox 307 4317 1475 4407; baseline -0.004 -21"><span class='ocrx_word' id='word_1_301' title='bbox 307 4323 511 4407; x_wconf 80' lang='lat' dir='ltr'><strong>inferiorem,</strong></span> <span class='ocrx_word' id='word_1_302' title='bbox 555 4323 642 4406; x_wconf 87' lang='lat' dir='ltr'><strong>oepit</strong></span> <span class='ocrx_word' id='word_1_303' title='bbox 684 4321 789 4384; x_wconf 81' lang='lat' dir='ltr'><strong>Josua</strong></span> <span class='ocrx_word' id='word_1_304' title='bbox 834 4320 971 4407; x_wconf 88' lang='lat' dir='ltr'><strong>ejusque</strong></span> <span class='ocrx_word' id='word_1_305' title='bbox 1006 4339 1116 4405; x_wconf 75' lang='lat' dir='ltr'><strong>regam</strong></span> <span class='ocrx_word' id='word_1_306' title='bbox 1150 4319 1255 4386; x_wconf 84' lang='lat' dir='ltr'><strong>(ibam</strong></span> <span class='ocrx_word' id='word_1_307' title='bbox 1295 4317 1475 4402; x_wconf 76' lang='lat' dir='ltr'><strong>suspendit,</strong></span> 
     </span>
    </p>
   </div>
   <div class='ocr_carea' id='block_1_5' title="bbox 0 0 1624 5222">
    <p class='ocr_par' dir='ltr' id='par_1_7' title="bbox 0 0 1624 5222">
     <span class='ocr_line' id='line_1_38' title="bbox 0 0 1624 5222; baseline 0 3"><span class='ocrx_word' id='word_1_308' title='bbox 0 0 1624 5222; x_wconf 95' lang='lat' dir='ltr'><strong> </strong></span> 
     </span>
    </p>
   </div>
  </div>
 </body>
</html>
