3240 5222
309 500 483 566 numquam
501 480 650 545 viderant
672 491 840 562 mortuum,
862 489 897 544 et
916 480 1015 544 fllium
1037 483 1125 563 pium
1147 487 1182 542 et
1203 490 1350 544 sanctam
1373 468 1481 563 respi-

309 591 398 650 ciunt
419 587 486 667 (b)
514 586 738 648 miserabiliter
765 575 1096 662 astronomorum
1122 583 1262 670 dubitet,
1294 605 1352 648 eos
1380 605 1481 667 snper
1559 657 1566 662 ,

308 692 367 760 tilii
396 707 514 774 eorpus
536 690 712 774 cecidisse,
745 693 880 754 tleviseo
901 699 938 754 et
966 690 1178 754 lachrimasse
1198 699 1232 754 et
1259 691 1368 754 multis
1390 691 1482 752 boris

222 873 229 884 .
310 805 530 879 exspectasse,
553 798 583 858 si
605 794 688 858 forte
709 797 932 878 revivisoerea
954 805 987 858 et
1002 813 1089 858 nuuc
1109 795 1174 860 buo
1194 813 1281 859 nuno
1302 795 1383 858 illue
1403 813 1481 857 cor·

309 918 386 982 pus.
412 899 588 966 evolvisse.
646 900 723 962 Nou
765 903 850 964 euim
884 900 1044 965 habebant
1078 898 1184 962 adbuc
1212 901 1480 982 experimentum

309 1003 509 1070 crudelitatis
528 1005 640 1076 mortis
669 1023 732 1068 uec
751 1007 887 1068 animam
915 1014 979 1069 tam
1003 1007 1067 1068 cito
1088 1012 1121 1066 et
1143 1004 1282 1069 faciliter
1302 1023 1322 1066 a
1343 1023 1482 1087 corporo

309 1111 454 1192 seperari
466 1110 701 1177 aestimabant.
743 1111 819 1175 ldeo
846 1113 951 1194 usque
978 1108 1020 1172 ad
1041 1109 1309 1191 putrefactionem
1332 1111 1480 1192 corporis

285 1215 415 1294 ,luneri
429 1214 633 1278 *assidebant
677 1217 720 1280 Ut
751 1225 863 1279 autem
888 1209 1073 1296 viderunt,ſj
1088 1232 1206 1297 corpus
1227 1215 1379 1297 paulatim
1402 1233 1480 1276 oar-

310 1321 413 1401 rumpi
442 1327 473 1382 et
502 1307 655 1398 dissolvi,
687 1321 791 1402 ipsum
823 1322 856 1382 in
885 1320 989 1384 laeum
1019 1327 1238 1401 partaverunt·
1255 1319 1478 1403 plasmationis

310 1427 412 1509 patris
436 1433 469 1490 et
484 1425 529 1487 ibi
550 1429 621 1490 aum
644 1425 832 1508 sepulturae
856 1425 1065 1490 tradiderunt.
1087 1477 1089 1482 ,

284 1717 370 1792 ·1)e
408 1739 543 1817 specu,
580 1715 618 1790 iu
644 1741 714 1814 qua
736 1715 856 1792 Adam
865 1725 918 1801 ,et
939 1713 1024 1792 Eva
1053 1716 1174 1792 multis
1198 1715 1301 1792 aunis
1324 1711 1477 1804 ‚cohabi-

316 1929 317 1934 ,
358 1845 527 1913 taverunt
553 1837 652 1913 etin
678 1863 749 1936 qua
772 1835 892 1912 Adam
922 1859 1073 1912 uxerem
1099 1837 1271 1958 coguovit
1297 1835 1422 1936 prinae.

349 2121 354 2130 .
394 2038 500 2122 Super
521 2057 633 2122 mum
655 2039 696 2102 ad
723 2042 887 2106 meridiem
916 2051 967 2106 est
994 2059 1087 2104 mous
1119 2059 1184 2104 uon
1205 2058 1343 2134 maginae
1366 2027 1480 2100 altitu'·

311 2142 416 2226 uinta,
444 2144 478 2206 in
509 2144 602 2226 cujus
627 2143 709 2228 jugo
738 2134 834 2212 bodio
861 2129 930 2211 stat'
948 2165 1014 2210 una
1033 2127 1207 2227 musobea,
1241 2162 1325 2227 quae
1349 2143 1382 2205 in
1404 2141 1477 2206 loco

310 2233 575 2332 stare‘oreditur,
608 2252 641 2311 iu
664 2269 727 2332 quo
751 2251 855 2314 Adam
878 2261 910 2314 et
931 2253 1005 2314 Eva
1035 2251 1141 2314 attilii
1162 2240 1271 2315 eorum
1295 2246 1477 2334 obtuleruut

308 2352 471 2415 sacrificia
492 2362 525 2414 et
544 2357 706 2417 orationes
725 2357 804 2418 Deo.
842 2356 948 2419 Adam
974 2358 1059 2420 euim
1080 2355 1232 2418 docuerat
1252 2355 1338 2437 filios
1360 2350 1478 2415 offerre

309 2456 381 2518 Deo
402 2463 436 2517 et
456 2455 591 2518 adorare
612 2477 694 2520 eum.
738 2462 773 2521 ln
795 2460 908 2524 eodem
930 2462 1011 2544 loco,
1034 2461 1108 2523 dum
1127 2458 1209 2522 Cain
1231 2467 1264 2522 et
1275 2457 1358 2520 Abel
1379 2455 1477 2522 simul

310 2557 479 2623 adorarent
498 2570 531 2630 et
546 2561 782 2649 ⁴sacrificarent²
804 2565 973 2629 deseendit
997 2568 1083 2649 ignis
1104 2564 1145 2627 de'
1160 2564 1251 2626 coelo
1267 2560 1305 2624 'et
1323 2575 1477 2648 eonsum-

309 2665 353 2727 sit
374 2665 594 2728 holocaustum
617 2667 712 2751 Abel,
734 2668 928 2732 oblationem
949 2659 1054 2735 autem
1075 2669 1158 2733 Cain
1180 2665 1244 2729 non
1265 2668 1378 2749 tetigit,
1401 2665 1477 2748 quia

309 2769 380 2832 Deo
399 2788 464 2833 uon
481 2780 552 2832 erat
574 2781 707 2852 accepta
728 2775 814 2836 sicut
835 2794 967 2837 munera
989 2777 1105 2839 fratris.
1148 2773 1225 2836 ldeo
1246 2771 1362 2835 invidit
1380 2770 1472 2833 fratri

272 2931 274 2934 .
309 2883 343 2938 et
363 2885 480 2958 postea
496 2875 618 2945 ,o'ccidit
640 2895 722 2939 eum.
759 2863 894 2962 lnsuper
910 2881 948 2944 'iu
970 2881 1082 2944 eodem
1103 2880 1174 2943 loco
1188 2876 1477 2942 habuitAbrabam

309 2980 492 3063 patriarche
511 2981 709 3052 mausoleum
727 2999 820 3046 suum
843 2994 876 3046 et
897 2985 942 3046 ibi
965 2985 1066 3048 altare
1091 2991 1255 3064 erexerat,
1276 2981 1317 3044 de
1338 3000 1402 3064 qno
1425 2979 1477 3042 di-

260 3088 265 3095 ’
308 3085 392 3147 citur
413 3082 535 3148 Geues.
556 3085 645 3148 xllt.
674 3090 707 3152 in
729 3089 794 3150 fine
816 3088 963 3170 capituli:
995 3089 1088 3152 Vidit
1117 3090 1213 3152 etiam
1233 3088 1279 3150 ibi
1299 3095 1366 3150 tres
1387 3086 1477 3148 viros

310 3196 341 3248 et
369 3205 467 3250 unum
494 3189 657 3271 adoravit,
692 3203 727 3254 ut
756 3192 891 3255 habetur
917 3190 1038 3256 Genes.
1066 3180 1195 3278 xuni(
1231 3195 1267 3254 lu
1296 3190 1474 3253 alia-euim
1503 3203 1507 3210 ·

308 3300 399 3372 parta
420 3295 538 3356 montis
561 3303 611 3356 est
632 3281 789 3358 convallis
810 3290 967 3378 Mambre,
990 3285 1074 3381 puae
1087 3296 1233 3380 jungitur
1255 3296 1333 3362 valli
1353 3293 1476 3376 Ebron,

309 3403 441 3478 propter
470 3395 556 3478 quod
587 3396 746 3460 corticellis
777 3399 901 3462 dieitur.
944 3401 985 3462 tu
1013 3402 1095 3464 lraec
1124 3400 1307 3484 conjunctio
1329 3399 1363 3462 tu
1382 3389 1494 3481 juxta*

307 3499 472 3562 civitatem
491 3499 616 3582 bibrou‚
639 3510 671 3568 ct
691 3503 724 3562 in
746 3502 802 3566 illa
822 3504 971 3568 convelle
991 3491 1163 3590 habitauit,
1185 3506 1312 3591 qnando
1335 3515 1400 3566 tres
1423 3504 1477 3566 vi-

261 3655 265 3660 .
308 3622 362 3668 roa
384 3603 465 3680 uidit
485 3605 519 3668 iu
542 3605 624 3668 catio
656 3605 854 3670 tabernaculi
872 3610 924 3672 sui
952 3621 985 3674 et
1006 3614 1134 3696 quaudo
1157 3613 1388 3695 promissiones
1416 3626 1476 3670 ae-

185 3749 188 3756 ·
307 3709 395 3792 cepit
421 3727 442 3772 a
466 3710 558 3791 neo,
591 3709 770 3793 dequibus
793 3709 913 3779 Genea.
937 3715 1011 3779 XV.
1036 3727 1068 3781 et
1090 3718 1193 3782 xvrt
1217 3718 1363 3782 habetur.
1407 3712 1475 3776 Sed

306 3813 435 3897 quande
466 3813 631 3878 immolare
663 3816 781 3898 voluit,
815 3830 954 3884 montem
987 3823 1144 3886 ascendit.
1193 3825 1288 3888 Isaeo
1316 3821 1412 3884 etiam
1442 3828 1476 3881 et

304 3919 409 4009 Jacob
435 3920 637 4002 patriarchae
665 3921 709 3985 ibi
729 3922 927 3994 habitavere.
969 3926 1155 3992 Domum-a
1176 3928 1248 3991 loco
1275 3929 1367 3990 necis
1389 3925 1475 3988 Abel

276 4095 280 4101 ,
305 4025 429 4088 reversi
450 4042 563 4098 sumus
582 4025 617 4084 in
634 4042 746 4108 agrum
768 4027 1005 4092 Darnascenum
1028 4039 1061 4093 et
1075 4050 1133 4113 per
1148 4034 1317 4096 maceriam
1332 4033 1364 4094 in
1382 4038 1474 4114 parte

304 4130 495 4194 occidentali
526 4131 654 4212 egressi
687 4150 800 4196 sumus
828 4152 869 4197 ex
899 4153 937 4197 ao
950 4143 996 4198 ‚et
1026 4135 1068 4198 ad
1095 4137 1191 4202 aliam
1218 4146 1341 4220 partem
1375 4135 1474 4198 vallis

302 4235 435 4300 Hebron
466 4237 617 4299 venimus
644 4244 678 4298 et
709 4237 827 4300 clivum
850 4239 967 4303 montis
996 4219 1217 4324 escendimus,
1244 4243 1278 4306 iu
1300 4260 1362 4325 qno
1385 4240 1472 4302 olivo

296 4358 401 4404 uuum
421 4350 548 4404 autrum
569 4348 693 4404 arctum
715 4351 746 4406 et
761 4347 932 4416 obscurum
946 4345 1140 4430 invenimus,
1162 4365 1258 4430 quem
1275 4347 1471 4410 successive
