3204 5216
685 287 795 362 „¹27

179 473 249 536 Sed
268 489 342 534 eum
366 465 530 552 paululum
553 468 769 552 stetissemus,
789 472 897 534 visum
916 467 1068 551 paulatim
1103 473 1282 553 recepimus
1316 435 1349 536 et

179 577 316 662 grandia
337 573 486 638 aedilicia
503 583 634 636 arcuato
655 592 755 656 opere
776 575 861 637 lecta
882 573 1032 638 vidimus.
1075 573 1160 638 Nam
1181 577 1225 638 ibi
1257 592 1349 677 epant
1470 562 1473 583 '

178 683 259 746 Vlll
281 679 411 744 ordines
431 676 662 762 columnarum,
678 678 857 743 testudines
880 685 1103 748 sustentantes
1132 688 1166 743 et
1184 681 1349 763 superiora

178 785 344 868 aedificta,
376 801 461 869 quse
490 782 564 844 olim
587 792 680 848 erunt
699 783 986 866 superaedificata,
1012 783 1080 866 jem
1101 803 1179 851 vero
1200 789 1349 868 superius

179 901 229 956 est
247 889 432 953 viridarium
455 887 611 952 olivarum
633 888 674 952 ad
696 889 781 952 latus
803 889 927 974 templi.
970 889 1089 953 Dicunt
1109 891 1347 955 autemJudsei

180 1006 213 1059 et
224 995 407 1074 Serraeeui,
434 988 519 1075 qnod
540 993 597 1057 illa
617 992 828 1057 subterranea
848 993 1032 1059 habitacula
1052 994 1172 1058 luerint
1194 1013 1348 1077 equorum

181 1100 363 1164 Salomonis
388 1098 533 1178 stabuln3
569 1097 630 1160 sed
660 1098 776 1162 melius
805 1108 856 1163 est
887 1099 1014 1182 dicere,
1047 1099 1133 1184 quod
1162 1102 1205 1164 ibi
1228 1101 1346 1164 luerint

180 1203 337 1284 Netinis,
358 1204 420 1266 hoe
442 1211 493 1267 est
511 1203 725 1285 pigmentaria
747 1213 779 1267 et
801 1205 959 1286 spotlreca
980 1213 1168 1289 aromatum,
1194 1215 1348 1289 utsupra

179 1311 284 1392 potuit
302 1303 414 1388 (229
426 1306 489 1384 A).
511 1310 586 1370 Huc
599 1309 681 1370 enim
695 1310 839 1391 reposuit
862 1319 1005 1375 aromata
1020 1310 1076 1374 illa
1097 1311 1346 1393 pretiosissima,

178 1432 263 1497 quae
276 1411 663 1497 reginaSabaattulit,ut
686 1414 952 1499 noneturttlteg.
966 1417 1009 1480 X.
1054 1416 1127 1478 Nec
1149 1413 1344 1484 eredendum

178 1527 246 1600 est,
268 1515 355 1601 quod
377 1536 435 1580 rex
456 1518 609 1582 Salomon
634 1520 758 1582 bestias
779 1520 935 1584 locaverit
956 1522 988 1583 in
1011 1519 1212 1583 nobilissima
1240 1517 1345 1603 domo,

178 1622 220 1686 de
239 1641 304 1704 qua
331 1623 505 1686 mirabatur
524 1621 651 1707 Sibylla
672 1623 770 1706 Saba,
798 1626 988 1705 praesertim
1021 1641 1093 1686 eum
1128 1631 1218 1688 esset
1245 1642 1346 1706 propo

177 1729 343 1810 templum,
365 1728 398 1790 in
427 1728 521 1809 eujus
542 1730 785 1792 irreverentiam
807 1732 965 1794 cessisset
983 1745 1138 1812 equorum
1162 1727 1345 1810 stabulatio,

176 1833 237 1896 sed
258 1833 333 1896 alibi
354 1851 412 1914 pro
424 1834 570 1896 curribus
592 1841 625 1895 ot
644 1836 736 1916 equis
757 1843 789 1898 et
816 1834 978 1918 equitibus
995 1830 1178 1898 habitacula
1202 1832 1344 1909 construi

176 1937 265 2019 feeit,
287 1945 322 2002 nt
344 1936 479 2007 liabetur
497 1939 528 2004 3.
551 1937 633 2018 lieg.
657 1940 712 2000 lx.
784 1995 791 2014 ,
1118 1943 1120 1950 “

258 2146 359 2210 Pomo
388 2149 448 2212 sub
471 2145 686 2212 testudinibus
708 2146 773 2210 illis
805 2155 895 2209 erent
928 2145 1020 2208 multi
1049 2143 1169 2208 cumuli
1200 2144 1342 2228 lapidum

176 2252 276 2314 erecti
295 2254 329 2314 in
349 2253 460 2335 cltum,
481 2251 522 2314 de
543 2251 816 2333 quibusJudeons
836 2250 901 2332 ille,
926 2251 981 2332 qui
1003 2266 1064 2312 nos
1084 2248 1237 2312 inlocum
1257 2248 1343 2312 dux-

177 2367 263 2439 erat,
286 2356 366 2420 dixit
387 2357 498 2438 uobis,
520 2355 607 2440 quod
624 2357 687 2439 ipsi
708 2355 826 2419 Judaei
849 2356 976 2437 erigunt
1010 2355 1095 2418 istos
1124 2352 1270 2416 cumides
1302 2353 1344 2416 sd

175 2460 473 2560 praeoccupandum
484 2461 606 2524 locum:
625 2471 756 2545 sperant
783 2461 879 2543 enim,
898 2477 936 2522 se
958 2469 1073 2524 terram
1091 2461 1343 2524 sarrotamcitius

177 2566 392 2648 rehabituros,
417 2575 449 2628 et
471 2565 543 2630 ideo
562 2568 724 2649 peregrini
745 2585 866 2644 eorum,
897 2567 952 2648 qui
981 2563 1022 2626 de
1043 2564 1228 2650 longinquis
1250 2566 1343 2628 terris

175 2671 319 2752 veniunt,
342 2670 413 2734 loca
434 2672 641 2753 praeripiunt,
664 2674 697 2732 in
720 2672 835 2756 quibus
857 2679 931 2754 post
956 2688 1067 2734 eorum
1089 2668 1226 2732 reditum
1249 2669 1344 2732 hubi·

176 2783 245 2836 tare
264 2792 303 2838 se
323 2784 465 2856 sperant.
508 2774 668 2859 Superius
689 2776 722 2836 in
743 2792 808 2838 nno
833 2775 905 2838 loco
935 2774 1108 2838 testudinis
1136 2782 1188 2836 est
1218 2771 1344 2855 grande

175 2880 320 2943 loramen
342 2888 375 2942 et
397 2889 538 2963 rupture,
561 2897 735 2962 perquam
757 2877 929 2942 Sarraceni
949 2883 1163 2962 purgamenta
1181 2875 1291 2958 templi
1311 2884 1344 2939 et

174 2981 253 3046 atrii'
267 2984 422 3066 injiciunt.
467 2983 550 3048 Cum
572 3001 690 3067 magno
719 2984 832 3046 timore
852 2984 896 3046 ibi
915 2983 1052 3066 trimos,
1080 2983 1157 3066 quia
1175 2984 1206 3044 si
1225 2981 1344 3044 Sarra-

174 3088 248 3150 eeni
279 3106 341 3151 nos
362 3089 406 3151 ibi
428 3091 649 3171 invenissent,
678 3087 761 3150 mele
788 3088 933 3171 prolecto
960 3105 1022 3150 nos
1050 3095 1253 3150 tractassent
1305 3087 1343 3151 st

173 3193 319 3254 timorem
350 3211 415 3254 non
436 3193 678 3275 habuissemus,
707 3211 766 3275 per
798 3191 1017 3260 immundities
1054 3193 1273 3275 potuissemus
1309 3192 1343 3254 in

173 3296 284 3378 templi
305 3298 421 3360 atrium
442 3298 665 3362 adscendisse.
707 3301 812 3381 Igitur
838 3299 921 3362 visis
939 3298 1002 3377 his,
1026 3315 1110 3379 quae
1138 3297 1226 3361 diota
1256 3306 1342 3379 sunt,

174 3401 335 3464 exivimus
355 3402 591 3484 perforamen,
613 3421 672 3484 per
693 3403 779 3487 qnod
798 3405 1000 3485 intravimus,
1022 3409 1055 3463 et
1076 3410 1216 3465 montem
1227 3402 1342 3485 Moris,

173 3507 230 3588 qui
251 3514 302 3569 est
323 3506 558 3590 monstempli,
579 3509 780 3590 gyravimus,
801 3517 834 3571 et
843 3526 971 3571 sursum
995 3505 1153 3589 osquesd
1177 3505 1342 3588 euplum,

172 3613 207 3671 in
238 3629 302 3694 quo
333 3629 443 3674 murus
481 3611 646 3675 orientalis
676 3629 749 3674 cum
778 3611 912 3675 australi
943 3612 1100 3692 nectitur,
1136 3628 1194 3693 per
1221 3610 1342 3674 clivum

172 3714 401 3779 adscendimus
423 3716 463 3780 sd
485 3733 611 3779 murum
630 3717 774 3780 civitatis
794 3725 938 3779 sanetae
982 3717 1019 3776 ln
1031 3715 1087 3778 illo
1100 3733 1190 3777 muro
1200 3713 1342 3778 vidimus

172 3818 311 3902 majores
329 3829 363 3884 et
383 3821 548 3904 longiores
570 3819 709 3904 lapides,
732 3839 828 3905 qoam
848 3838 989 3904 unquam
1010 3818 1146 3883 viderim
1178 3819 1213 3882 iu
1234 3817 1341 3902 aliquo

172 3923 315 3988 civitatis
342 3944 442 3990 muro.
483 3925 561 3989 Non
588 3933 696 3988 tamen
724 3934 817 3990 erant
847 3925 929 3990 adeo
961 3927 1094 4008 egregia
1125 3941 1223 4006 saxa,
1256 3925 1342 3988 sieut

171 4027 338 4112 Josephus
371 4037 528 4094 memoret
569 4029 724 4094 nonusso
765 4049 888 4096 murum
916 4031 1121 4114 Jerusalem,
1160 4047 1245 4112 quae
1275 4027 1341 4092 XX

172 4133 351 4197 cubitorum
384 4135 482 4218 longa
512 4144 545 4198 et
565 4135 598 4198 X
628 4134 696 4199 lato
727 4145 838 4219 munt,
864 4137 918 4202 lib.
947 4135 1006 4200 Vt.
1037 4153 1065 4198 e
1094 4136 1127 4201 8.
1191 4133 1342 4216 Respicit

172 4249 279 4302 eutem
318 4257 430 4304 muros
458 4240 515 4304 illo
543 4239 662 4304 vallem
693 4240 854 4325 Josrptret
891 4251 926 4304 et
958 4249 1134 4304 torrentem
1157 4237 1341 4318 Gedron,e

171 4345 306 4427 region
325 4348 444 4410 nostis
466 4344 597 4410 Oliveti.
640 4345 740 4410 Porro
765 4349 798 4410 in
820 4345 876 4408 illo
897 4361 988 4408 muro
1008 4361 1031 4406 a
1051 4353 1138 4407 terra
1158 4359 1285 4405 sursum
1307 4340 1340 4402 iu
