3240 5222
755 275 890 370 ¹aaa

287 479 364 526 esse
387 477 497 544 agrum
510 459 600 522 illum
617 465 777 540 sanctum,
799 455 1005 520 ascendimus
1024 474 1082 539 per
1097 454 1268 520 maceriam
1281 458 1315 522 iu
1335 459 1456 540 ipsum,
1535 451 1538 456 ’

288 575 327 635 at
357 576 473 629 terram
505 562 768 626 deoscularemus
805 571 836 624 et
870 571 1044 626 consuetas
1081 562 1251 644 crationes
1277 561 1462 632 diceremus
1505 617 1520 636 .

288 680 320 734 at
346 669 551 732 collationem
574 668 755 730 laceremus
777 666 818 729 de
846 667 1046 730 mirabilibus
1079 667 1123 728 ibi
1145 665 1250 728 factis.
1293 667 1362 730 Sed
1382 687 1464 732 cccc

286 774 381 840 uobis
392 775 423 836 in
437 792 553 856 agrum.
563 771 755 836 saltantibus
771 790 829 854 per
844 773 1029 854 maceriam,
1046 772 1185 836 occurrit
1197 772 1326 853 quidam
1339 791 1464 842 sacvius

286 881 488 944 Sorraccuus
508 895 582 939 cum
608 875 802 940 clamoribus
826 879 953 960 magnis
982 883 1017 939 et
1043 877 1180 940 levatos
1203 875 1328 960 lapides
1348 888 1464 942 contra

288 1003 350 1048 noa
372 985 467 1054 misit,
480 983 603 1046 crebris
627 966 773 1064 jactibus
797 1000 923 1065 uosque
949 982 983 1044 vi
1012 982 1054 1045 de
1072 1001 1151 1066 agra
1175 982 1306 1065 repulit,
1344 991 1375 1046 et
1398 986 1460 1048 vix

287 1093 358 1156 siue
380 1090 524 1152 laesione
554 1069 727 1152 recidimus
756 1106 814 1170 por
842 1088 1015 1172 maceriam
1043 1086 1149 1148 imam.
1193 1085 1330 1150 Calinus
1351 1097 1461 1160 autem

289 1173 323 1260 et
344 1194 494 1257 ductores
516 1193 619 1254 nostri
645 1189 795 1255 volentes
824 1191 929 1256 locum
971 1190 1050 1254 dare
1085 1192 1153 1254 irae
1184 1191 1379 1274 incipiebant
1406 1213 1464 1256 re-

289 1300 381 1386 gredi
403 1301 437 1361 in
461 1298 640 1381 civitatem,
675 1313 735 1360 uos
766 1305 874 1359 autem
902 1313 1104 1381 nequaquam
1127 1293 1205 1358 tam'
1223 1296 1288 1361 cito
1310 1297 1465 1362 recedere

289 1388 478 1470 volebamus
500 1420 520 1462 a
541 1400 613 1463 loco
635 1407 701 1464 tam
724 1400 866 1484 notabili,
886 1399 944 1464 sed
967 1401 1045 1464 iram
1068 1401 1207 1466 hominis
1227 1401 1362 1484 placare
1381 1421 1465 1474 cou-

291 1509 470 1588 tendimus,
502 1506 595 1568 utin
626 1503 698 1570 loco
730 1502 893 1568 devotioni
926 1524 1046 1568 vacare
1077 1504 1241 1588 paululum
1280 1524 1463 1589 possemus.

206 1647 208 1652 ,
289 1612 532 1678 Revocavimus
554 1626 633 1690 ergo
661 1607 813 1671 Calinum
834 1618 867 1670 et
889 1609 1047 1693 diximus,
1081 1618 1117 1673 ut
1138 1601 1211 1673 cum
1231 1612 1362 1676 homine
1382 1631 1465 1678 eon-

291 1718 474 1782 veutionem
505 1713 642 1796 faceret,
675 1721 707 1775 et
734 1712 821 1796 qaod
845 1712 970 1795 justum
993 1725 1083 1780 essct
1113 1714 1272 1800 vellemus
1297 1717 1359 1779 sibi
1382 1717 1461 1780 dare

292 1841 350 1907 pro
383 1818 621 1884 intromissione
642 1821 676 1880 in
708 1835 819 1900 agrum
851 1836 954 1882 suum.
998 1822 1080 1883 Erat
1104 1821 1187 1882 enim
1211 1819 1361 1884 domiuus
1383 1822 1463 1904 agri.

291 1924 448 1991 Promissi
470 1932 546 1986 sunt
574 1941 652 2006 ergo
673 1923 735 1984 sihi
763 1932 903 2006 quatuor
931 1925 1067 2005 madiui‚
1099 1932 1133 1986 et
1161 1925 1224 1988 hac
1252 1927 1466 2008 promissione

294 2033 383 2096 lacta
404 2028 552 2112 placatus
576 2026 682 2088 lactus
703 2034 753 2088 est
783 2029 878 2092 home
908 2038 940 2093 et
969 2028 1118 2092 ascendit
1146 2031 1317 2093 maceriam
1345 2020 1377 2093 e't
1404 2051 1467 2113 pe-

293 2136 428 2220 regrinis
450 2133 483 2195 in
506 2132 569 2195 alia
588 2139 681 2214 parte
702 2133 862 2196 stantibus
885 2151 1011 2196 manum
1032 2134 1173 2218 porrexit
1202 2143 1234 2197 et
1251 2155 1359 2203 ¹unum
1389 2145 1466 2217 post
1560 2125 1563 2128 ’

292 2243 426 2307 alterurn
458 2255 588 2300 sursum
618 2239 717 2302 traxit
754 2247 786 2300 et
823 2239 857 2301 in
886 2256 998 2322 agrum
1030 2254 1125 2302 suum
1156 2239 1205 2302 ire
1244 2240 1390 2322 permisit
1432 2249 1489 2308 ct.

295 2355 423 2412 nosmet
444 2342 485 2405 ad
507 2341 614 2404 locum
635 2340 804 2424 perduxit,
835 2340 877 2405 de
897 2360 962 2425 quo
984 2343 1125 2407 creditur
1156 2343 1266 2406 limum
1286 2351 1467 2406 assumtum

295 2454 398 2516 luisse
419 2467 475 2532 pro
498 2464 632 2528 corporo
646 2444 747 2508 ‘Adae
778 2447 956 2524 ¹secuudum
988 2451 1157 2513 veritatem
1187 2438 1408 2530 catholicam„
1432 2455 1466 2510 et

294 2558 453 2621 hominem
477 2552 611 2634 primum
639 2540 682 2611 ibi
704 2550 893 2633 productum
922 2553 1041 2637 fuisse,
1074 2562 1109 2616 et
1131 2570 1336 2638 nequaquam
1358 2560 1467 2614 atten-

295 2641 400 2732 dimus
426 2655 473 2734 ad*
488 2654 653 2738 gentilium
676 2664 841 2740 poetarum
863 2656 1084 2741 deliramenta,
1100 2647 1184 2741 quae
1205 2665 1336 2740 canunt,
1360 2639 1468 2738 q'ueu·

230 2819 233 2826 .
300 2765 371 2828 dam
395 2763 600 2826 Phoroneum
620 2776 697 2821 esec
720 2761 853 2843 primum
876 2764 1054 2838 mortalium
1085 2771 1222 2846 patrem,
1251 2770 1286 2825 ut
1306 2761 1469 2825 Eusebius

297 2869 339 2934 dc
349 2871 478 2951 Evang.
496 2867 609 2949 Pracp.
622 2863 694 2927 Lib.
703 2866 744 2927 X.
761 2865 848 2932 dicit.
863 2867 905 2928 Et
915 2867 1091 2950 Aethiopes
1103 2869 1166 2950 ipsi
1178 2869 1296 2949 virtute
1309 2866 1370 2929 soli
1383 2865 1469 2950 apud

298 2992 338 3039 se
366 2975 485 3058 primos
504 2971 654 3036 homines
676 2951 827 3053 coepisse
849 2957 974 3054 dicunt,
992 2981 1028 3034 nt
1048 2971 1210 3034 Diodorus
1230 2972 1268 3033 L.
1291 2971 1349 3034 1v.
1370 2970 1409 3037 C.
1435 2973 1463 3034 l.

291 3082 387 3148 dicit.
432 3081 471 3140 Et
493 3075 651 3138 increduli
672 3073 831 3159 Aegyptii
853 3076 992 3158 tradunt,
1013 3077 1134 3158 primos
1153 3076 1312 3139 homines·
1324 3075 1410 3158 apud
1431 3093 1470 3138 se

297 3193 425 3251 creatos
450 3169 517 3243 tum
537 3179 681 3241 bonitate
701 3179 781 3261 soli,
809 3188 876 3241 tum
909 3188 1039 3262 propter
1061 3177 1191 3264 Nilum,
1212 3182 1267 3265 qui
1288 3181 1388 3245 multa
1407 3199 1488 3270 ge-v

138 3295 142 3302 '
192 3304 197 3313 ·
298 3297 400 3370 uerat,
423 3282 607 3368 quaealilri
627 3299 784 3364 nusquam
808 3273 1018 3366 reperiuntur,
1062 3286 1129 3350 Sed
1154 3286 1260 3349 omnia
1278 3286 1359 3349 hacc
1380 3305 1467 3350 vana

300 3389 485 3464 credentes,
508 3386 681 3447 verissima
701 3396 734 3447 ct
756 3385 941 3449 firmissime
962 3388 1027 3452 lide
1047 3390 1145 3474 moti,
1173 3410 1245 3454 cum
1268 3391 1391 3474 ingenti
1410 3389 1471 3452 do-

299 3497 430 3560 votione
453 3500 485 3553 ct
517 3488 658 3551 lacrimis
679 3489 796 3553 iu'hoc
817 3500 931 3554 sancto
963 3489 1034 3557 lcc'c
1062 3495 1234 3558 interram
1266 3494 1472 3579 procidimus,

291 3617 436 3682 ‚eamque
458 3589 531 3678 (la)
557 3593 738 3659 deosculati
769 3614 882 3660 sumus
925 3607 957 3661 et
997 3600 1195 3663 orationibus
1226 3601 1405 3679 consuetis,
1436 3601 1472 3661 in
1572 3656 1574 3660 .

300 3699 537 3790 processionali
562 3708 666 3762 terrae
687 3710 821 3763 sanctae
842 3703 998 3786 signatis,
1023 3702 1118 3766 dictis
1137 3703 1354 3786 indulgentias
1373 3721 1473 3766 acce-

297 3811 404 3893 pimns
418 3808 476 3889 (ἦ)
491 3814 523 3868 et
539 3813 612 3888 post
624 3804 706 3869 haec
716 3804 757 3868 ad
776 3807 839 3902 loci
850 3805 1151 3890 contemplationem
1166 3826 1226 3873 nos
1239 3809 1470 3874 convertimus.

301 3968 575 4076 Contemplatio
609 3967 657 4044 dc
681 3953 874 4046 eminentia
905 3969 1013 4045 Adae
1038 3969 1075 4044 in
1112 3979 1211 4047 statu
1243 3947 1472 4060 innocentiae

802 4089 965 4192 pulchra.
1183 4083 1185 4090 ’

235 4205 254 4274 s
382 4230 581 4295 Delectabile
612 4233 697 4295 enim
730 4230 827 4296 valde
848 4239 900 4294 est
920 4239 954 4296 et
975 4230 1145 4318 devotum,
1183 4234 1395 4299 considerare
1418 4251 1473 4298 res

300 4345 415 4430 gestas
437 4338 470 4398 iu
492 4338 555 4402 hoc
576 4355 665 4421 agro,
682 4338 738 4420 qui
759 4334 936 4401 secundum
959 4335 1112 4434 doctores
1133 4339 1304 4422 theologas
1322 4348 1375 4402 cst
1396 4357 1474 4422 ager
