3232 5218
189 424 375 490 extrinsece
397 419 512 503 templi
533 427 566 483 et
601 440 644 486 ox
657 505 662 512 Ι
676 422 751 487 eliis
782 425 968 510 muschus,
997 427 1033 488 in
1067 427 1184 511 quibus
1210 429 1268 500 liri,
1310 431 1364 496 Ab

187 535 277 594 intus
298 529 384 591 enim
408 525 532 588 nullum
552 526 658 591 hebet
673 528 975 613 (mounctuorium
994 548 1126 595 suorum
1148 535 1363 621 reliquiorum,

185 637 221 699 in
243 651 306 718 quo
329 639 385 693 out
406 640 617 694 sacramente
637 634 746 718 alique
767 644 823 700 eut
834 636 986 719 reliquiae
996 637 1062 700 siut
1082 638 1276 724 reconditae,
1287 660 1361 708 oum

187 759 250 803 nec
271 736 425 818 reliquias
458 753 520 798 nec
550 748 755 804 sacramento
780 742 930 805 habeant.
975 742 1058 824 Legi
1085 751 1191 806 tomen
1218 747 1251 807 in
1278 764 1362 830 qua-

187 845 263 908 dem
282 842 445 923 chronica,
467 838 553 924 quod
584 842 687 924 pedes
709 854 742 907 et
764 863 879 910 manus
903 846 1120 910 Mochometis
1140 848 1185 910 ibt
1212 851 1278 912 siut
1306 870 1362 913 re-

187 952 315 1034 positae
352 955 385 1008 et
416 945 574 1029 reliquum
597 964 718 1030 corpus
745 950 831 1013 sits
861 952 970 1034 porcis
1004 951 1201 1016 devoratum.
1238 957 1275 1017 ln
1305 955 1361 1020 illo

186 1055 323 1139 protono
344 1051 465 1141 templo
492 1051 615 1123 nullum
637 1062 690 1115 est
711 1053 830 1137 altare,
851 1055 942 1119 nullo
964 1057 1072 1140 imago
1094 1075 1156 1120 nec
1183 1058 1271 1139 picta
1298 1078 1361 1123 neo

187 1159 334 1241 sculpto,
365 1155 454 1218 nullo
482 1167 558 1220 sunt
578 1158 623 1221 ibi
644 1158 752 1240 lignee
765 1160 890 1244 sedilis,
911 1179 973 1224 nec
995 1179 1141 1245 mamus,
1160 1163 1359 1248 uecstelloe,

188 1263 248 1326 scd
270 1271 370 1324 totum
392 1259 613 1343 perimentum
631 1264 723 1326 verio
744 1265 885 1347 etpolito
902 1285 1063 1341 marmore
1083 1275 1220 1331 stratum
1240 1268 1360 1350 ubique

188 1376 288 1451 petet,
310 1374 342 1427 et
363 1367 506 1447 parietes
540 1367 624 1430 sicut
646 1377 754 1455 extre·
771 1371 820 1432 sic
852 1378 885 1432 et
904 1371 995 1434 intus
1016 1390 1114 1455 opere
1143 1390 1261 1455 graeco
1282 1383 1361 1438 sunt

188 1475 302 1553 ornati,
321 1471 368 1533 ite
389 1469 474 1552 quod
496 1478 584 1535 totus
606 1473 760 1536 circuitus
781 1474 891 1557 templi
914 1495 972 1559 por
993 1479 1135 1559 parietes
1150 1485 1203 1538 est
1221 1495 1358 1561 vacuus,

189 1586 223 1639 et
253 1576 331 1639 nilril
361 1575 491 1658 penitus
520 1584 571 1637 est
598 1578 687 1640 intus
694 1622 705 1662 ,
738 1579 802 1642 nisi
838 1579 923 1663 quod
955 1580 1122 1662 lampades
1155 1578 1196 1641 de
1227 1597 1358 1644 sursum

188 1698 371 1764 suspensae
403 1697 444 1742 ex
475 1679 640 1743 testudine
672 1681 857 1765 dependent
890 1683 1052 1754 ardentes.
1100 1686 1222 1749 Dicunt
1248 1693 1359 1750 temen

188 1785 330 1870 quidem,
358 1787 393 1848 in
430 1783 535 1849 medio
563 1786 674 1868 templi
700 1806 811 1870 rupem
843 1806 941 1871 super
971 1791 1189 1874 pavimentum
1222 1809 1242 1853 e
1273 1801 1361 1856 terre

189 1908 386 1973 consurgere
415 1890 499 1953 lerro
522 1889 664 1972 undique
694 1892 925 1975 courcellotum,
955 1896 1008 1956 cui
1029 1894 1137 1957 nullus
1157 1894 1359 1960 Sarraceno-

118 2005 127 2014 “
189 2015 261 2060 rum
291 2002 347 2058 sut
382 1995 559 2058 infidelium
589 1995 792 2078 aliquetenus
831 1995 929 2059 nudet
956 1998 1011 2059 vel
1038 2001 1212 2081 praesumit
1239 2018 1359 2082 oppro-

186 2102 353 2184 piuquere.
418 2101 562 2164 Veniunt
600 2109 707 2163 tamen
750 2108 784 2161 et
824 2102 1069 2183 peregrinentur
1107 2120 1127 2164 e
1172 2103 1358 2185 longinquis

186 2206 332 2289 partibus
353 2224 463 2287 rupem
485 2205 571 2268 illem
595 2203 713 2268 devote
732 2205 870 2267 visitare
903 2214 936 2267 et
957 2204 1070 2268 videre
1102 2207 1293 2288 cupienteS,
1325 2215 1358 2288 et

187 2321 319 2394 propter
346 2311 430 2373 herne
459 2329 571 2394 rupem
602 2311 700 2372 etiem
738 2310 891 2392 templum
921 2311 1027 2392 ipsum
1055 2311 1090 2372 iu
1117 2311 1244 2395 volgari
1264 2311 1358 2374 loeu-

187 2417 275 2479 tione
306 2434 418 2499 rupem
447 2423 595 2478 sonetum
616 2415 792 2484 nominent.
836 2415 942 2477 Mults
963 2416 1058 2478 etiem
1081 2415 1243 2499 mognelie
1260 2434 1359 2499 super

188 2539 301 2602 rupem
321 2520 409 2582 illem
431 2519 542 2583 dicunt
570 2537 645 2582 esse
666 2518 764 2602 lecto,
786 2520 933 2602 inprimis
955 2517 1095 2604 nomque
1115 2521 1359 2585 Melchisedech

190 2643 287 2706 super
308 2643 378 2687 eam
405 2643 520 2706 ponem
540 2624 655 2686 obtulit
688 2633 720 2686 et
752 2626 874 2707 vinum,
899 2623 1022 2694 Genes.
1046 2627 1137 2688 XIV.
1180 2627 1223 2689 Et
1253 2626 1356 2689 Jacob

188 2731 370 2812 patriarche
393 2731 437 2794 ibi
468 2730 638 2811 dormivit,
672 2748 783 2811 rupem
812 2730 898 2792 hene
918 2732 980 2793 sub
1009 2733 1122 2812 cupite.
1149 2730 1293 2811 hebens,
1325 2739 1359 2792 et

188 2835 228 2896 ab
250 2854 290 2898 eo
311 2835 393 2899 vidit
413 2836 534 2898 scolam
557 2836 590 2898 in
611 2834 764 2916 somniis,
786 2833 880 2914 eujus
901 2835 1071 2897 summitas
1092 2834 1217 2924 coelum
1240 2843 1358 2916 tauge-

187 2940 262 3022 bet,
289 2949 323 3002 et
343 2940 491 3024 Angelos
517 2937 754 3003 descendentes
782 2946 815 2999 et
858 2938 1078 3001 ascendeutes
1113 2937 1196 3001 vidit
1223 2956 1359 3021 eamque

191 3062 288 3106 mane
308 3043 380 3108 oleo
409 3046 545 3128 inunxit,
567 3045 688 3106 Genes.
719 3044 773 3106 28.
816 3041 924 3104 Devid
948 3043 1047 3105 etiem
1070 3042 1233 3124 Angelum
1260 3059 1359 3125 super

188 3167 301 3231 rupem
333 3149 420 3212 illem
450 3160 541 3213 storo
567 3149 649 3212 vidit
681 3166 755 3210 cum
788 3149 966 3229 evaginato
999 3147 1125 3231 gladio,
1160 3155 1198 3210 ut
1225 3148 1359 3212 hebetur

191 3252 219 3316 t.
266 3252 402 3335 Perelip.
460 3255 565 3320 XXll.
635 3257 774 3336 Insuper
813 3271 911 3334 quum
969 3252 1160 3316 secerdotes
1197 3253 1359 3334 ponebant

179 3373 286 3439 -super
308 3377 419 3441 rupem
448 3360 536 3423 illem
557 3358 777 3439 holocauste,
807 3377 884 3421 mox
909 3358 995 3440 ignis
1028 3356 1158 3421 divinus
1191 3343 1360 3420 descendit

186 3468 220 3524 et
241 3464 390 3544 apposito
410 3464 595 3527 consumsit
640 3464 760 3528 Dicunt
777 3465 884 3546 etiem,
906 3461 993 3545 quod
1017 3463 1178 3525 Jeremios
1201 3461 1360 3543 propheto

188 3563 350 3628 excidium
371 3564 488 3630 videns
509 3569 650 3632 civitatis
670 3577 704 3631 et
726 3567 836 3651 templi
876 3568 910 3630 in
945 3568 1030 3631 hono
1057 3585 1170 3651 rupem
1198 3564 1359 3629 conclusit

186 3685 295 3732 arcem
316 3668 454 3754 Domini,
476 3690 619 3755 quaese
640 3672 828 3736 mirabiliter
859 3675 984 3753 operuit
1020 3682 1054 3736 et
1082 3689 1189 3735 ercam
1221 3671 1359 3735 absorb-

188 3773 241 3837 sit.
281 3775 369 3837 Hinc
389 3777 453 3859 ipsi
474 3777 684 3860 arbitrentur,
716 3795 823 3840 ereum
854 3771 989 3837 eandem
1020 3772 1126 3836 adhue
1156 3775 1201 3838 ibi
1228 3793 1359 3839 mouere

189 3879 360 3950 inclusam.
403 3879 509 3964 Super
529 3899 640 3964 rupem
673 3881 759 3945 illem
782 3880 936 3946 Christus
963 3878 1023 3941 luit
1051 3878 1178 3942 oblatus
1202 3879 1254 3944 die
1274 3880 1358 3963 Xlr.‚

188 4003 286 4068 quum
308 3985 441 4049 Simeon
457 3987 584 4068 occepit
605 4004 677 4049 eum
699 3988 733 4049 iu
754 3985 849 4049 ulnss
877 4001 982 4065 suos,
1009 3983 1120 4047 Lucae
1141 3985 1180 4047 ll.
1200 3986 1360 4048 Dominus

24 4173 25 4182 ἵ
62 4169 65 4174 ,
186 4090 289 4154 Jesus
311 4089 532 4155 duodecennis
552 4088 637 4153 sedit
648 4109 749 4174 super
770 4109 880 4172 rupem
902 4088 990 4152 illem
1011 4087 1045 4150 iu
1061 4088 1166 4152 medio
1183 4089 1359 4169 doctorum,
1415 4113 1416 4118 ¹

186 4193 299 4258 Lucae
318 4196 358 4257 ΙΙ.
401 4197 445 4259 Et
478 4214 551 4260 oum
574 4196 674 4258 XXX
708 4203 799 4258 esset
824 4212 1000 4276 annorum,
1021 4211 1119 4275 super
1141 4213 1251 4276 rupem
1272 4191 1358 4255 illem

189 4299 315 4382 sedens
341 4301 528 4386 frequenter
558 4301 771 4385 praedicavit.
813 4302 906 4361 Haec
926 4296 1098 4362 Sorroceni
1127 4296 1168 4359 de
1199 4315 1277 4378 rupe
1302 4293 1359 4357 illo
