3212 5206
246 419 409 484 asinorum
429 425 463 480 et
482 417 702 483 asinariorum.
724 413 911 480 Secundam
932 422 983 478 est
1004 414 1199 480 camelorum
1221 425 1254 480 ot
1271 416 1419 481 marelo-

249 525 378 588 riorum.
421 522 566 586 Tertium
597 529 650 586 est
679 520 855 604 descriptio
882 519 1101 603 solitudinis,¹
1119 522 1194 584 eive
1229 521 1351 586 deserti
1384 531 1420 586 st

247 627 320 712 ejus
342 627 601 692 inhebitatorure.
699 661 712 674 ι

330 732 428 795 Asini
448 734 560 814 itaque
576 735 660 802 snat
686 729 864 794 meandum
896 747 1005 792 aarum
1036 729 1238 796 conditiones
1266 731 1419 795 artimalia

248 838 354 921 magis
376 845 451 919 apta
472 855 531 919 pro
551 835 689 898 transito
717 835 833 920 eremi,
866 853 961 919 quern
983 837 1068 917 equi.
1108 835 1169 898 Est
1190 837 1274 900 caim
1304 837 1420 898 esinrrs

248 941 367 1006 animal
388 940 582 1005 oneriferum
604 948 638 1002 et
658 939 777 1004 laboris
797 940 941 1023 patiens,
962 939 1021 1003 vili
1041 949 1074 1002 et
1095 939 1221 1004 modico
1241 941 1314 1004 cibo
1335 959 1420 1004 een-

248 1056 383 1110 tentnm.
423 1047 512 1109 luter
546 1045 680 1108 tribulos
709 1044 793 1107 enirn
824 1044 962 1108 carduos
983 1053 1016 1107 et
1036 1045 1149 1128 spinas
1176 1044 1279 1128 carpit
1309 1045 1419 1108 cibun

248 1167 361 1234 annm,
390 1159 424 1212 et
444 1150 577 1213 arbusta
597 1149 700 1213 densa
720 1158 754 1212 et
773 1149 906 1233 spinosa
925 1153 1150 1233 penetrantet
1171 1153 1311 1232 intrant,
1333 1167 1420 1232 qna-

249 1263 380 1338 propter
411 1272 534 1336 psrvee
564 1255 712 1318 aviculae
751 1253 889 1317 oderunt
919 1253 1045 1317 asinum
1085 1262 1212 1318 etcum
1243 1254 1419 1319 irrclamant

199 1431 202 1438 Δ
228 1361 339 1424 .aicnt
371 1367 539 1442 noctuam,
572 1361 649 1444 qnia
669 1361 702 1422 in
724 1359 862 1442 spinetis
896 1357 1001 1440 nidis,
1030 1358 1155 1421 oviset
1186 1359 1283 1443 pullis
1307 1377 1417 1422 earum

249 1473 363 1546 nocet,
399 1464 477 1546 qnia
498 1464 659 1546 carpendo
682 1473 714 1527 et
735 1461 879 1526 fricando
901 1462 1029 1526 nidulos
1049 1462 1164 1545 dejicit
1190 1471 1225 1526 et
1246 1462 1417 1556 clpmando

248 1567 355 1650 pullos
376 1585 485 1630 earnm
508 1577 616 1632 terret.
653 1567 754 1632 Pctus
774 1568 847 1650 ejus
868 1569 934 1651 (lo)
956 1576 1010 1630 est
1030 1584 1125 1652 equa,
1147 1587 1242 1651 quarn
1264 1568 1418 1632 libentius

252 1671 331 1735 bibit
348 1669 506 1735 turbidam
513 1717 524 1754 ,
543 1689 687 1736 crassam
715 1680 750 1736 et
770 1671 928 1756 tepidam,
962 1692 1058 1757 quarn
1088 1682 1268 1756 recentem,
1289 1681 1323 1735 et
1344 1691 1418 1736 mo-

250 1775 357 1862 dicun
378 1775 475 1840 vuldo
505 1777 594 1839 bibit.
635 1775 736 1842 Side
756 1794 840 1860 aqua
860 1795 1033 1861 numquam
1066 1779 1157 1861 prius
1177 1779 1274 1861 bibit,
1305 1777 1418 1840 bibere

251 1881 374 1965 renuit,
407 1882 504 1944 etiem
533 1880 608 1947 dnm
640 1883 774 1946 multum
811 1884 899 1966 sitit3
930 1883 1032 1945 tribus
1060 1882 1173 1946 (liebus
1205 1892 1236 1944 et
1269 1882 1418 1946 noctibus

249 1987 412 2048 continuis
434 1985 551 2050 durare
571 1994 603 2049 ot
625 1985 772 2050 laborare
791 1995 899 2070 potest
920 1987 993 2060 sine
1019 1995 1106 2070 potu.
1148 1987 1263 2070 Magni
1284 1985 1416 2068 trigoris

248 2090 421 2173 impatiens
442 2102 509 2174 est,
531 2090 605 2155 ideo
625 2094 659 2154 in
681 2091 775 2154 terris
797 2090 941 2173 frigidis,
962 2100 998 2153 ut
1019 2091 1052 2154 in
1076 2092 1199 2176 Ponto,
1228 2111 1293 2156 non
1313 2108 1419 2174 gen*

249 2205 346 2278 ratur,
369 2206 401 2258 et
422 2197 573 2259 interris
590 2196 724 2260 multum
746 2194 860 2260 calidis
882 2195 1126 2279 multiplicatus
1140 2197 1256 2279 Aquas
1277 2196 1417 2259 transire

248 2309 281 2361 et
302 2299 404 2382 pedes
424 2303 553 2384 tingere
573 2301 692 2384 horret,
708 2309 824 2385 pontes
846 2302 954 2382 etiem,
976 2302 1017 2364 de
1042 2303 1159 2386 quibus
1177 2308 1285 2385 potest
1305 2297 1418 2362 videre

249 2421 383 2487 aquam,
413 2423 478 2467 non
510 2405 626 2468 transit
661 2406 726 2469 nisi
759 2423 833 2470 carn
862 2405 1092 2492 trepidatione,
1122 2415 1155 2469 et
1175 2408 1205 2469 si
1230 2423 1289 2488 per
1318 2405 1418 2468 rimas

248 2527 364 2592 equom
392 2507 496 2590 videt,
520 2507 683 2571 tremitct
703 2511 861 2574 subsistit.
904 2513 942 2574 ln
963 2512 1030 2574 luto
1052 2511 1136 2574 male
1166 2509 1273 2592 vadit,
1302 2507 1363 2572 sed
1381 2509 1418 2571 in

248 2614 337 2676 sicco
368 2615 463 2676 etlam
497 2615 691 2701 asperrimo,
725 2615 819 2697 equis
849 2617 1050 2699 periculoso,
1088 2617 1208 2699 optime
1239 2623 1272 2678 et
1301 2631 1418 2677 secure

249 2717 383 2788 incedit.
425 2718 583 2802 Tempore
611 2719 747 2802 pluviali
772 2728 821 2782 est
845 2721 937 2784 triste
962 2721 1081 2784 animal
1103 2729 1136 2784 et
1158 2721 1417 2784 involuntariam.

246 2822 324 2886 ldeo
346 2823 378 2886 in
401 2813 524 2887 oriente
545 2832 578 2886 et
600 2823 635 2886 in
654 2825 809 2914 Aegypto
831 2835 908 2888 sunt
930 2827 1012 2890 asini
1033 2825 1130 2890 valde
1150 2827 1236 2907 bont,
1258 2843 1331 2888 cnm
1352 2841 1419 2887 non

247 2929 292 2989 sit
314 2927 356 2991 ibi
379 2927 495 3010 frigus,
518 2947 580 2992 nec
600 2927 728 3012 pluvia,
750 2947 812 2993 nec
834 2929 948 2993 lutum.
991 2933 1028 2993 ln
1050 2934 1144 2995 terris
1165 2940 1272 2994 autem
1296 2929 1417 2992 nostris

246 3047 311 3095 non
333 3043 470 3114 possunt
493 3051 569 3097 esse
589 3033 665 3096 boni
687 3043 819 3117 propter
845 3029 1025 3100 contrarias
1046 3036 1259 3100 conditiones.
1292 3033 1418 3096 Asinus

246 3133 408 3224 dominnm
430 3154 542 3218 sunm,
563 3154 727 3200 sessorem
749 3156 861 3222 suum,
883 3143 970 3203 viam
993 3158 1097 3223 susm,
1118 3141 1290 3222 hospitium
1311 3155 1417 3218 sunna,

245 3254 360 3301 vocem
378 3238 497 3302 domini
518 3241 569 3303 sni
597 3250 631 3304 et
664 3241 832 3306 terminum
854 3244 980 3307 itineris
1000 3245 1069 3326 sui,
1093 3244 1233 3307 laborem
1264 3262 1360 3306 sunm
1382 3250 1417 3304 et

245 3340 358 3404 horem
391 3342 443 3404 sni
479 3342 598 3407 laboris
627 3351 662 3406 et
694 3345 804 3408 horam
838 3349 957 3430 qnietis
995 3365 1095 3432 snper
1127 3349 1233 3412 omnia
1269 3345 1419 3411 animulis

245 3447 372 3508 acutius
399 3448 568 3530 cognoscit
596 3457 627 3510 et
661 3446 849 3532 diligentins
870 3459 972 3524 tenet.
1010 3453 1125 3517 Bestia
1153 3453 1208 3516 illa
1228 3451 1326 3516 valde
1353 3452 1417 3515 hn-

244 3567 340 3612 mana
370 3558 423 3614 est
461 3560 493 3615 et
534 3551 770 3618 conditionibus
802 3556 964 3621 hominnm
1001 3558 1134 3622 multum
1167 3557 1416 3641 proportionata,

245 3653 345 3718 multo
375 3657 481 3740 magis
509 3677 605 3741 qnam
637 3676 742 3742 equus
770 3668 803 3723 et
825 3663 940 3726 rnnlns.
983 3661 1119 3746 Species
1148 3662 1265 3746 decipit
1297 3661 1416 3726 multos

244 3762 279 3822 in
300 3761 460 3826 electione
478 3763 661 3848 asinorum,
694 3765 1031 3851 qnia'nonnnmquarn
1054 3770 1214 3851 turpiores
1235 3768 1318 3831 asini
1338 3774 1416 3829 sunt

248 3865 398 3930 meliores
426 3875 459 3930 et
481 3886 689 3935 econverso.
733 3871 785 3934 lle
806 3873 869 3936 hoc
889 3873 966 3936 vide
984 3873 1021 3941 Ρ.
1043 3873 1083 3935 ll.
1105 3873 1176 3937 Fol.
1198 3875 1230 3943 2.

353 4030 492 4122 Quales
517 4031 681 4109 homines
704 4035 778 4109 sint
800 4036 1074 4137 peregrinorum
1101 4036 1276 4114 asinarii?

244 4210 245 4217 κ
322 4173 494 4240 Asinerins
527 4175 644 4240 dicitnr
672 4177 758 4246 asini
789 4187 910 4242 custos.
954 4179 1099 4243 Asinarii
1131 4181 1232 4246 nostri
1261 4200 1321 4264 par
1355 4180 1417 4244 ‹le-

242 4285 365 4349 sertnm
398 4287 489 4344 erent
523 4278 703 4354 Christiani
741 4283 913 4348 orientales
944 4284 986 4347 ‹le
1017 4286 1178 4372 cinctura,
1218 4287 1299 4351 alias
1339 4285 1417 4351 dictl
