3202 5218
730 311 907 378 .476,

247 499 409 566 exivimus
428 497 463 560 in
484 497 610 566 hortum
632 495 827 578 monasterii,
840 495 895 578 qui
916 503 1004 558 certe
1024 499 1137 557 eontra
1151 499 1296 556 naturam
1319 481 1421 556 eremi

246 606 360 671 animm
384 602 418 664 in
440 599 568 663 modum
589 601 682 682 viret,
704 595 795 662 heret
817 608 849 662 et
869 598 1039 682 germinat,
1062 595 1247 679 producens
1266 615 1421 679 proceras

247 709 381 774 arbores
402 705 586 768 fructiferas
607 714 639 767 et
661 704 750 768 olera
771 703 975 786 pulmentica,
996 701 1114 762 herbas
1137 708 1170 762 et
1191 703 1346 782 gramina
1383 703 1422 762 ln

247 831 287 876 eo
308 809 450 873 vidimus
470 807 554 869 ultra
576 809 635 870 tria
656 807 754 870 millia
783 809 915 869 arbores
937 804 1110 886 olivarum,
1131 803 1289 866 ficulneas
1303 804 1424 886 plures

246 925 281 979 et
304 913 525 995 malogranata
545 911 645 974 multa
666 919 699 972 et
720 909 961 993 amygdalarum
991 909 1123 971 arbores
1144 925 1334 971 numerosas
1357 919 1420 972 ete.

245 1017 306 1081 De
319 1016 392 1081 oleo
410 1013 508 1093 hujus
528 1014 611 1078 horti
624 1015 719 1078 habet
734 1024 915 1078 conventus
928 1011 963 1075 S.
976 1007 1172 1075 Cathariuae
1192 1011 1422 1074 sufficientiam

209 1155 213 1164 ·
247 1121 290 1186 ad
314 1121 520 1183 nutritionem
541 1117 760 1200 lumpadarum
782 1119 941 1182 ecelesiae
963 1125 996 1180 et
1019 1135 1077 1199 pro
1099 1117 1237 1198 coquina
1258 1135 1315 1198 pro
1336 1118 1425 1180 cibis

246 1223 447 1289 condiendis.
469 1220 522 1282 De
535 1222 639 1302 pomis
653 1221 750 1302 hujus
765 1224 848 1285 horti
862 1223 990 1285 mittunt
1011 1221 1158 1284 rnerraehi
1174 1220 1312 1303 singulis
1324 1222 1422 1282 anuis

247 1328 390 1393 Soldauo
406 1326 474 1406 regi
495 1325 639 1406 Aegypti
661 1324 701 1386 ad
716 1325 846 1390 Cairum
868 1326 1058 1408 vasapleua
1077 1344 1136 1407 pre
1153 1341 1285 1387 munere
1305 1331 1339 1385 et
1360 1343 1421 1405 pro

246 1447 458 1512 recompensa
469 1429 726 1491 conservationis
739 1439 771 1492 et
782 1430 924 1493 tuitionis
938 1449 1058 1511 eornm,
1069 1432 1153 1492 sicut
1165 1435 1278 1510 postea
1288 1428 1421 1509 patebit.

245 1535 299 1599 De
319 1533 460 1598 oleribus
488 1529 560 1613 ejus
582 1539 649 1594 tete
678 1549 763 1596 antro
784 1534 903 1597 habeut
932 1534 1124 1597 salutueiurn
1152 1541 1185 1594 et
1212 1531 1423 1614 pulmentum,

247 1639 288 1703 de
308 1635 507 1719 graminibus
527 1654 586 1716 pro
618 1637 731 1698 bestiis
763 1637 903 1699 foenum.
938 1639 989 1700 Et
1012 1639 1124 1700 mirum
1152 1645 1213 1717 est,
1236 1637 1366 1717 reperiri
1387 1637 1424 1698 in

247 1761 355 1805 eremo
378 1739 474 1802 talern
497 1737 692 1820 paradisum,
715 1740 769 1803 nbi
797 1743 904 1804 omnia
925 1743 1047 1804 arentia
1069 1749 1186 1804 exusta
1212 1739 1293 1802 solis
1322 1739 1424 1802 ardo-

248 1847 346 1928 ribus,
369 1844 489 1907 nullius
511 1842 645 1904 seminis
666 1853 722 1904 aut
744 1844 862 1908 radicis
879 1864 978 1908 arena
998 1845 1126 1907 sterilis·
1140 1852 1190 1907 est
1212 1842 1422 1931 productiva3

246 1950 307 2014 sed
330 1947 407 2033 quid
428 1966 492 2010 uon
518 1945 685 2008 adinvenit
714 1948 873 2012 industria
903 1944 1067 2012 humana?
1089 1947 1194 2030 Supra
1212 1949 1337 2011 bortum
1359 1949 1422 2010 sub
1551 1987 1552 1990 =
1575 2041 1577 2048 ἲ

247 2053 409 2118 radicibus
428 2051 592 2134 amborum
614 2053 766 2114 montium
781 2053 928 2116 foderuut
949 2053 1097 2116 monachi
1111 2053 1218 2114 fontes
1238 2060 1306 2114 tres
1328 2069 1424 2135 mag·

247 2175 308 2222 nos
331 2153 561 2239 aliquantulum
592 2157 632 2220 ab
662 2157 801 2218 invicem
833 2156 1011 2239 distantes,
1033 2158 1067 2218 iu
1099 2174 1180 2239 quos
1202 2157 1306 2218 omnis
1337 2173 1424 2238 aqua

247 2271 393 2343 tempore
414 2260 544 2323 hiemali
565 2258 606 2321 de
628 2261 789 2323 montibus
820 2261 925 2323 iluens
957 2263 1110 2345 recipitur
1132 2268 1164 2323 et
1185 2278 1244 2341 per
1264 2258 1423 2321 dracones

234 2363 295 2427 ‘de
316 2383 382 2428 une
403 2371 500 2446 putee
519 2366 553 2424 in
580 2363 676 2426 elium
709 2365 935 2428 transmittitur
960 2374 993 2427 et
1025 2364 1066 2427 de
1095 2364 1206 2427 ultimo
1234 2363 1268 2424 iu
1297 2363 1424 2426 hortum

247 2467 335 2530 sieut
354 2484 438 2548 aqua
458 2469 538 2529 viva
566 2466 706 2530 decurrit
734 2476 766 2529 et
787 2487 846 2550 per
866 2487 937 2530 eam
969 2486 1027 2551 per
1060 2469 1184 2531 fossata
1205 2464 1368 2530 derivatur
1391 2478 1425 2530 et

248 2569 304 2632 illa
326 2569 480 2653 frequens
501 2570 646 2652 irrigatio
666 2588 821 2653 aquarum
841 2580 963 2634 tautam
985 2571 1213 2655 pinguedinem
1231 2573 1340 2634 arenis
1356 2570 1423 2652 dat,

251 2672 338 2756 quod
360 2675 454 2757 quasi
476 2682 562 2736 terra
591 2674 738 2756 imgibus
771 2683 846 2756 apta
868 2676 984 2738 humus
1014 2677 1113 2738 eremi
1143 2674 1323 2739 fruetificat.
1366 2675 1425 2739 Sic

253 2779 349 2840 otiam
365 2777 504 2859 legimus
518 2779 638 2841 iecisse
652 2787 760 2861 patres
775 2779 924 2860 antiquos
939 2778 1010 2842 Deo
1032 2781 1066 2840 in
1079 2778 1217 2842 desertis
1229 2781 1423 2860 servientes,

253 2890 287 2945 ut
308 2890 398 2964 patet
418 2886 452 2944 in
474 2881 615 2965 Speculo
637 2884 749 2946 histor.
774 2881 845 2944 bib.
871 2881 921 2950 iil.
942 2881 1024 2964 Cap.
1049 2882 1098 2945 id.

331 2988 368 3049 ln
394 2987 485 3049 horte
507 2986 563 3049 ille
585 2996 660 3050 suut
685 2987 804 3048 multae
836 3004 932 3069 rupes
958 2986 999 3049 de
1024 2996 1110 3048 terra
1141 2993 1368 3049 excrescentes
1390 2995 1424 3047 et

249 3089 374 3172 scopull
395 3097 429 3150 et
451 3101 572 3174 petrae,
587 3093 647 3154 sub
671 3093 788 3173 quibus
808 3081 883 3153 sunt
902 3108 1073 3172 cavernae,
1101 3091 1301 3172 antiquorum
1324 3105 1425 3174 serre-

249 3201 352 3254 terum
372 3193 520 3276 cellulae,
542 3203 576 3256 et
598 3214 656 3275 per
678 3195 807 3277 lengum
837 3184 934 3257 vallis
956 3195 1094 3276 spatium
1116 3192 1209 3257 durat
1229 3194 1292 3257 hoc
1314 3193 1426 3256 dalec-

249 3294 349 3357 tabile
363 3294 548 3358 viridarium
578 3297 738 3378 habetque
753 3301 787 3358 in
803 3297 1003 3381 longitudine
1018 3316 1116 3360 unum
1132 3297 1268 3360 milliare
1281 3297 1424 3360 italicum

248 3399 282 3460 in
303 3397 472 3460 latitudine
484 3417 572 3480 vero,
588 3409 740 3482 quantum
758 3400 853 3463 homo
869 3401 918 3462 bis
941 3410 1047 3483 petest
1059 3401 1171 3482 jacere
1192 3401 1310 3485 lapide.
1332 3398 1425 3463 Cou-

247 3503 464 3585 qnerabautur
482 3511 589 3565 autem
611 3503 705 3565 uobis
724 3503 853 3586 iratres,
868 3504 954 3587 quod
975 3505 1030 3568 ille
1048 3524 1133 3570 auno
1154 3525 1217 3568 uon
1236 3505 1427 3568 habuissent

247 3605 400 3688 pluviam,
427 3614 555 3670 etcum
569 3625 687 3690 magara
708 3609 864 3690 parcitate
884 3626 999 3691 aquam
1021 3610 1194 3673 habentia
1215 3610 1341 3676 hortum
1364 3608 1427 3671 de·

247 3712 366 3791 muare,
394 3711 456 3774 nisi
479 3711 563 3774 enirn
586 3711 719 3775 cottidie
739 3713 899 3795 irrigetur,
920 3733 995 3777 mox
1016 3717 1123 3777 emnia
1152 3721 1322 3795 arescunt3
1345 3731 1428 3776 con-

246 3814 464 3896 querebantur
503 3817 610 3898 edam,
639 3816 725 3899 quod
758 3819 822 3881 iam
855 3817 1015 3901 aliquibus
1045 3819 1138 3880 arratis
1171 3816 1316 3883 locustae
1351 3818 1426 3879 sine

23 3939 25 3952 ¹
145 3925 146 3928 ’
246 3934 378 3981 numero
403 3917 595 3983 advolantes
617 3923 650 3981 iu
672 3921 820 3984 arbomm
843 3921 1031 3984 floritionem
1050 3923 1133 3984 etin
1154 3922 1280 3986 bortum
1306 3920 1428 3984 eadunt

248 4029 412 4105 totamque
438 4023 640 4104 superficiem
664 4025 809 4105 operiunt
838 4033 869 4085 et
897 4044 1023 4088 omnem
1055 4027 1194 4090 virorem
1223 4033 1427 4104 consumunt,

245 4125 343 4204 flores
363 4134 396 4187 et
419 4124 495 4188 folia
534 4127 738 4210 corticesque
759 4127 906 4191 arborum
929 4128 1043 4191 rodunt
1067 4139 1099 4191 et
1122 4147 1253 4194 corrosa
1274 4136 1429 4192 arescunt

246 4237 281 4293 et
301 4230 501 4294 intolerabile
525 4230 673 4293 damnum
696 4231 845 4294 inferunt.
872 4231 1052 4315 Perspecto
1072 4236 1172 4316 igitur
1186 4235 1279 4297 horto
1302 4232 1429 4296 reversi

243 4351 356 4398 snmus
378 4336 410 4399 iu
435 4335 665 4432 monasterium
699 4343 731 4397 et
756 4335 800 4399 ibi
818 4335 977 4400 asinarias
995 4339 1265 4421 exspectavimus.
