3202 5218
855 257 920 324 hut

305 451 338 502 ot
353 433 524 507 *hllaritate
557 439 755 522 recipiebant
775 447 810 500 et
841 439 1029 502 necessaria
1051 439 1283 504 ministrabam
1305 448 1340 500 et
1362 438 1488 502 calcea·
1578 449 1579 480 l

307 553 415 606 merua
438 544 568 606 dabant.
613 542 816 627 Quapropter
844 542 878 606 S.
904 541 1084 625 Gregorius
1105 543 1211 628 l'apa,
1235 553 1274 606 nt
1302 544 1442 606 hahetur
1460 544 1490 604 iu

303 650 375 732 ejus
403 649 576 732 hegenda,
605 649 744 731 singulis
774 649 869 710 arinis
898 649 985 711 misit
1009 646 1167 730 grandem
1193 648 1445 731 eleemosynam
1472 664 1490 707 a

303 753 408 816 lloma
434 751 475 815 ad
497 761 636 815 montem
659 753 763 836 Synai
790 771 848 834 pro
869 752 936 816 illis
969 751 1150 839 religiosis,
1173 754 1251 838 qnia
1283 763 1366 816 tnnc
1395 751 1491 813 multa

303 859 389 920 bona
421 877 480 940 per
507 875 564 919 eos
585 858 705 921 fiebant
733 860 766 920 in
792 858 917 920 oriente
940 865 971 918 et
994 874 1052 939 pre
1073 843 1213 920 ecclesia
1231 875 1386 918 romana.
1428 853 1492 916 Sed

307 963 387 1046 quid
408 980 495 1024 nnnc
516 960 645 1025 dieaml
667 961 705 1026 si
726 957 881 1024 uidissem
910 962 1027 1036 fratres
1049 970 1081 1023 et
1103 962 1284 1026 monachos
1306 960 1387 1023 illos
1408 977 1493 1020 mor-

304 1075 377 1130 tuos
394 1068 567 1147 suscitare,
584 1068 707 1130 lllissaa
729 1065 848 1149 legere,
863 1066 1010 1130 confiteri
1030 1073 1175 1147 peccata,
1199 1075 1350 1128 tractare
1371 1063 1491 1142 divina,

303 1171 448 1255 pattiiloe⁸
462 1171 559 1234 simul
581 1175 786 1254 conversari,
811 1173 1046 1254 regniacense
1067 1180 1189 1233 statuta
1210 1180 1342 1250 tenere,
1356 1167 1492 1251 jejnnria

305 1285 337 1338 et
352 1274 473 1358 vigiliis
492 1293 530 1338 se
551 1295 726 1359 macerare,
740 1278 921 1340 castitatem
932 1276 1045 1340 zelare
1061 1285 1094 1338 et
1114 1275 1147 1338 in
1163 1275 1311 1340 caeteris
1335 1275 1492 1336 virtutum

304 1381 435 1443 eximiis
449 1381 575 1444 actibus
596 1398 634 1444 se
650 1367 956 1462 exercere;.nnllam
973 1380 1180 1444 sanctitatem
1202 1378 1373 1442 audenter
1380 1374 1492 1458 judico

303 1501 361 1546 eos
383 1484 517 1566 hahere,
539 1484 659 1548 nullam
680 1503 791 1548 veram
812 1487 980 1570 virtutem,
1003 1484 1121 1548 nullam
1145 1484 1216 1546 Deo
1246 1480 1491 1565 acceptabilem

303 1592 481 1670 actionem,
512 1589 631 1652 nullam
660 1589 732 1652 Deo
761 1588 942 1671 placentem
977 1588 1162 1670 religionem
1196 1585 1285 1669 apud
1319 1602 1384 1648 eos
1417 1599 1493 1644 esso
1578 1639 1579 1670 ,

303 1693 433 1756 minimo
454 1692 580 1776 dubito,
600 1710 640 1754 ea
661 1694 796 1774 ratione,
812 1695 888 1775 qnia
909 1693 942 1756 in
964 1692 1106 1758 ecclesia
1125 1690 1288 1754 catholica
1312 1707 1384 1752 non
1405 1694 1492 1766 sunt,

303 1796 362 1860 sod
383 1805 486 1880 extra,
498 1814 570 1860 eum
592 1799 657 1860 sint
670 1797 992 1882 schismatici-primo
1010 1807 1044 1860 et
1067 1816 1111 1860 ea
1131 1797 1358 1860 ohstirratione
1379 1792 1492 1856 schis-

307 1905 403 1965 matis
433 1903 498 1965 sint
531 1901 609 1966 lacti
641 1903 813 1986 haeretiei,
834 1902 906 1966 ideo
937 1902 972 1966 in
1003 1903 1164 1966 charitate
1195 1919 1262 1964 non
1290 1907 1392 1980 sunt,
1416 1895 1493 1979 quia

304 2007 444 2090 Spiritus
466 2015 599 2070 sanctus
622 2016 714 2071 extra
735 2009 906 2072 ecclesiam
929 2027 994 2072 non
1028 2007 1137 2090 datur,
1158 2023 1232 2068 earm
1254 2024 1322 2088 qno
1345 2003 1491 2066 ebaritas

170 2101 182 2114 ⁴
303 2112 498 2196 infunditur,
519 2123 555 2175 nt
586 2113 722 2176 habetur
751 2113 806 2183 24.
832 2133 864 2198 q.
900 2112 948 2178 ta
992 2109 1030 2174 st
1058 2119 1166 2174 antem
1195 2127 1257 2172 nee
1285 2126 1404 2172 veram
1427 2103 1489 2166 llei

303 2219 474 2282 seientiam
496 2225 552 2281 ant
574 2219 790 2300 cognitionem
813 2225 905 2280 extre
925 2226 1092 2279 manenter·
1115 2222 1251 2300 possunt
1279 2215 1420 2290 hahere,
1443 2209 1488 2271 nti

303 2340 402 2404 snpra
423 2329 512 2405 patet
537 2319 616 2402 Cap.
639 2339 858 2404 quocumque:
889 2337 951 2384 neo
977 2338 1095 2404 eorpus
1117 2319 1238 2384 Christi
1265 2337 1343 2381 cnm
1380 2317 1487 2380 fructu

302 2425 477 2488 conficiunt
499 2426 551 2488 at.
574 2445 605 2508 q.
632 2427 661 2494 1.
683 2427 840 2510 schisma;
870 2443 941 2508 nec,
969 2426 1044 2488 dum
1066 2425 1268 2507 confitentur,
1299 2443 1320 2488 a
1349 2427 1487 2507 peccato

300 2530 483 2612 solvuntur,
503 2530 556 2594 2⁴.
580 2547 612 2613 q.
637 2530 666 2593 1.
688 2527 892 2614 Quicumque
913 2539 991 2594 etc:
1014 2531 1089 2614 quia
1107 2531 1254 2592 humarus
1275 2548 1344 2591 non
1367 2526 1434 2590 nisi
1455 2523 1486 2584 in

300 2634 457 2697 Bethania
473 2642 505 2697 et
526 2634 558 2698 in
573 2633 668 2697 domo
684 2633 885 2698 obedientiae
906 2651 1056 2699 romanae
1073 2633 1234 2698 ecclesiae
1257 2633 1484 2705 resuscitatur,

301 2757 363 2802 neo
383 2740 452 2802 vita
474 2740 581 2802 activa
602 2741 635 2802 in
653 2741 791 2822 Martha,
813 2758 875 2803 neo
896 2739 1147 2822 contemplativa
1167 2740 1201 2800 in
1222 2737 1340 2818 Maria,
1364 2735 1431 2798 nisi
1452 2733 1484 2793 in

301 2843 415 2906 eodem
438 2844 596 2908 Bethania
628 2864 704 2910 ease
725 2854 850 2928 potest,
873 2861 933 2907 neo
962 2863 1042 2907 vera
1074 2862 1138 2937 pax
1172 2851 1228 2906 ant
1249 2842 1356 2911 virtus
1392 2846 1484 2901 extra

303 2949 474 3014 ecelesiam
489 2968 565 3014 esse
586 2959 705 3035 potest,
718 2953 771 3016 at.
795 2971 826 3034 q.
852 2952 880 3014 1.
897 2948 960 3027 Qui
982 2957 1096 3012 eontra
1114 2956 1176 3014 etc.
1200 2944 1295 3024 Quod
1310 2939 1484 3010 autemilli

301 3055 450 3127 monachi
480 3056 547 3118 sint
576 3057 860 3138 excommunicati,
882 3053 1083 3118 schismatici
1117 3061 1150 3114 et
1181 3052 1350 3136 haeretici,
1378 3057 1480 3135 patet,

303 3160 379 3239 qnia
401 3156 521 3220 Graeci
544 3168 619 3222 sunt
642 3167 676 3222 et
698 3159 838 3224 Graecia
863 3168 915 3221 est
936 3157 1093 3239 coeptus
1119 3156 1171 3238 93,
1193 3159 1268 3220 item
1301 3160 1392 3223 nulla
1417 3163 1477 3218 eto.

302 3258 345 3322 Et
366 3262 540 3326 orientales
559 3273 645 3346 sunt,
659 3265 775 3344 quihus
793 3280 891 3326 verns
912 3262 962 3325 sol
982 3261 1098 3325 occidit
1118 3262 1170 3324 24.
1193 3279 1236 3344 q.
1250 3264 1279 3330 1.
1301 3280 1366 3347 qm.
1390 3259 1477 3324 Idem

292 3365 402 3447 'probo
421 3384 481 3447 per
503 3368 739 3449 expetentiam3
765 3386 837 3430 nam
861 3367 955 3428 nohis
978 3365 1194 3428 existentibus
1214 3366 1246 3426 in
1273 3366 1346 3430 loeo
1369 3361 1481 3430 eorum'

301 3477 471 3532 tennerunt
492 3469 711 3552 interdictum,
728 3489 790 3534 nec
812 3471 921 3534 divina
943 3487 1052 3532 eorum
1075 3472 1193 3552 quovis
1214 3470 1308 3533 modo
1329 3472 1477 3535 celebra-

300 3582 418 3636 verunt
439 3571 532 3637 nobis
547 3575 591 3637 ihi
613 3577 818 3659 morantibus,
833 3583 1019 3658 reputantes
1041 3591 1102 3636 nos
1124 3573 1166 3637 de
1187 3594 1319 3639 romana
1338 3573 1477 3642 eeclesia

303 3682 608 3744 excommunicatos.
621 3679 693 3758 (ill
706 3687 750 3758 a)
787 3682 839 3744 lix
860 3680 923 3743 alio
949 3679 1032 3743 idem
1055 3687 1155 3761 patet,
1176 3697 1249 3742 nam
1272 3682 1305 3744 in
1327 3677 1476 3744 ecelesiis

301 3803 411 3846 eornm
424 3785 576 3848 nolebant
589 3787 683 3849 nohis
694 3787 796 3850 altare
806 3783 984 3848 concedere
998 3803 1056 3867 pro
1064 3784 1238 3846 hlissarum
1251 3783 1476 3858 celebratione,

299 3887 465 3971 dicentes,
487 3889 549 3952 hoe
573 3889 658 3971 apud
689 3909 746 3955 eos
774 3908 850 3952 esse
881 3888 1062 3969 decretum,
1084 3887 1186 3972 qnod,
1208 3889 1475 3972 quandocumque

299 3990 417 4074 aliquis
432 3991 572 4055 Latinus
585 3994 723 4058 Missam
738 3993 879 4056 celebrat
893 3993 925 4055 in
940 3993 1036 4056 altari
1048 3989 1257 4076 Graecorum,
1269 3993 1355 4078 quod
1371 3995 1473 4076 ipsum

299 4095 404 4158 altare
424 4096 468 4158 sit
500 4098 828 4176 excommunicatum,
851 4097 1054 4179 profanatum
1077 4106 1109 4160 et
1141 4096 1182 4160 de
1213 4117 1300 4162 nove
1322 4111 1474 4162 reconse-

301 4199 462 4264 crandum
478 4201 520 4264 ah
542 4201 705 4285 episcopia
726 4219 845 4264 eorum.
885 4201 937 4264 lle
957 4203 1020 4266 hoc
1040 4200 1117 4264 vide
1138 4219 1237 4285 supra
1257 4203 1327 4266 not.
1349 4203 1403 4268 st.
1425 4198 1474 4262 lla

297 4306 351 4367 his
371 4307 522 4370 omnihus
545 4306 677 4369 resultat
692 4305 847 4391 quaedam
863 4307 1032 4372 inimicitia
1051 4311 1085 4374 in
1102 4306 1151 4370 eis
1171 4307 1213 4372 ad
1235 4325 1307 4390 nos,
1322 4307 1367 4370 ita
1389 4299 1473 4390 qnod
