3212 5206
858 279 925 348 874

305 463 437 530 diversa
457 463 551 528 nebia
572 464 759 528 neomaria
789 464 1043 547 proenravimna.
1085 461 1245 548 llsjorem
1271 467 1359 528 enlm
1383 465 1481 530 sald-

305 568 477 634 eitudinem
491 575 524 632 et
545 568 696 650 maiorem
717 569 936 652 provisionem
952 569 1085 654 requirit
1106 571 1322 654 peregrinatio
1343 570 1481 653 deserti,

305 693 400 757 mam
430 674 597 756 navigatio
617 692 677 757 per
706 693 803 738 mare
847 676 898 738 lla
919 675 1022 759 enim
1043 693 1128 759 quae
1153 677 1249 738 bomo
1273 693 1338 740 nun
1358 677 1481 758 aeeipit

305 779 452 846 venetiis
474 780 677 863 neeessaria,
699 779 733 844 in
754 780 912 862 portubus
933 788 967 843 et
986 779 1103 844 insulis
1130 779 1277 844 invordre
1309 787 1419 863 potest
1445 789 1481 844 et
1523 841 1527 848 .

304 884 368 948 albi
389 883 575 967 providere,
599 882 661 947 sed
689 884 723 947 in
744 883 873 948 deserto
894 903 959 948 non
990 892 1069 948 sunt
1098 894 1213 968 portus
1240 894 1296 948 ant
1327 877 1480 967 hospitia,

304 989 365 1053 aed
380 990 568 1052 vastissima
581 987 732 1072 solitudo,
746 989 779 1052 in
800 1007 865 1073 qna
886 1007 949 1054 nee
963 990 1088 1054 bestiae
1108 1009 1202 1054 snum
1216 992 1322 1054 ebrum
1337 991 1480 1073 reperire

303 1103 459 1178 possunt,
479 1103 516 1158 ot
536 1095 667 1176 patebit.
709 1094 786 1158 Non
818 1096 902 1160 enim
924 1095 1065 1158 babituri
1096 1113 1226 1158 murus
1253 1097 1339 1158 aient
1365 1104 1479 1178 patres

304 1200 427 1282 antiqui
448 1215 565 1262 manua
586 1197 628 1261 de
647 1199 757 1282 ooelo,
779 1217 841 1264 neo
869 1219 986 1284 aquam
1014 1199 1058 1262 de
1077 1208 1187 1283 petra,
1217 1217 1281 1263 neo
1304 1200 1411 1264 oleum
1435 1199 1479 1264 de

302 1321 385 1368 saxo
406 1304 587 1387 durissime,
609 1321 670 1368 neo
689 1305 872 1368 eotunriees
891 1303 934 1368 de
954 1306 1125 1389 Aegypto,
1150 1322 1211 1368 neo
1231 1305 1479 1388 praeservatio·

304 1427 378 1471 nem
400 1427 419 1472 a
440 1415 606 1471 vetustate
626 1416 658 1470 et
676 1425 697 1469 a
716 1403 1223 1492 eormptioneealeeamentornm
1238 1417 1273 1471 et
1293 1410 1478 1472 vestimen·

304 1521 419 1595 torum,
434 1530 496 1576 nee
515 1512 695 1577 eolumnam
716 1513 803 1594 ignis
822 1513 1037 1577 illustrantem
1059 1523 1199 1598 noetem,
1215 1521 1249 1577 st
1269 1512 1342 1577 ideo
1364 1522 1479 1579 eontra

304 1619 413 1682 amnia
432 1619 514 1680 base
534 1617 701 1700 oportebat
719 1617 789 1680 lieri
812 1619 1030 1699 provisionem
1050 1618 1091 1682 ad
1111 1619 1265 1702 plurimos
1287 1616 1367 1700 dies,
1382 1617 1478 1700 quasi

304 1720 348 1788 ad
369 1722 478 1786 xerl
499 1709 604 1804 usque
624 1721 658 1784 in
670 1721 912 1805 Alexandriam,
932 1725 1128 1806 eomputatis
1146 1723 1222 1807 illis,
1242 1723 1360 1806 quibus
1381 1721 1478 1804 degl-

304 1830 368 1892 turi
389 1843 518 1890 eramus
538 1829 571 1892 in
590 1826 766 1910 Aegypto,
787 1827 864 1910 qnia
891 1846 956 1890 non
981 1829 1045 1891 nisi
1066 1827 1165 1890 XXV
1187 1826 1302 1890 diebus
1331 1829 1478 1892 mansuri

304 1951 434 1998 mamus
458 1933 491 1996 in
513 1932 651 1996 deserto.
685 1930 842 1994 dminus
874 1949 953 2014 ergo
973 1951 1075 2015 panes
1095 1931 1213 1996 multos
1234 1942 1268 1994 et
1287 1949 1420 2012 saeem,
1443 1938 1478 1994 et

305 2058 364 2122 pro
395 2057 458 2101 uno
486 2037 657 2120 peregrino
682 2043 808 2099 tanturn
829 2034 871 2098 de
903 2055 988 2119 pane
1009 2039 1161 2121 emimus,
1182 2045 1338 2121 qnantum
1371 2036 1477 2100 tribus

305 2142 502 2222 snb'eoisset,
523 2150 556 2204 et
577 2142 641 2207 boe
665 2140 750 2224 ideo,
771 2149 807 2204 ut
826 2141 989 2206 Arabibus
1018 2143 1111 2207 nobis
1136 2144 1171 2206 in
1204 2140 1333 2204 deserto
1357 2158 1478 2204 oeenr·

304 2250 452 2312 rantibus
478 2263 649 2330 possemus
668 2244 746 2308 dare
773 2252 808 2308 et
829 2247 1020 2311 vexationes
1041 2246 1206 2310 redimere.
1235 2245 1357 2330 Aliqua
1377 2246 1476 2308 etiam

304 2332 372 2418 vini
385 2351 522 2416 vaseula
534 2352 577 2414 ibi
598 2353 858 2432 comparavimus
880 2359 913 2414 et
932 2361 1023 2415 utres
1042 2370 1147 2416 novas
1159 2371 1217 2436 pro
1230 2368 1316 2433 aqna
1329 2348 1474 2412 serenda.

303 2457 441 2540 Sportm
461 2456 557 2519 etiam
579 2472 714 2537 magones
736 2473 794 2537 pro
825 2455 1029 2538 impositione
1051 2456 1205 2538 ollarum,
1227 2454 1416 2539 patellarum
1442 2463 1477 2518 et

205 2614 208 2618 .
303 2562 444 2626 omniurn
467 2558 506 2623 ad
535 2561 704 2642 eoqniuem
727 2562 964 2644 pertinentium,
985 2561 1153 2645 tripodem,
1186 2569 1307 2624 cratem
1329 2568 1363 2622 et
1381 2577 1473 2624 veru.

305 2665 437 2732 caveas
467 2666 564 2730 etiam
586 2675 653 2730 tres
674 2664 788 2748 plenas
818 2665 918 2749 pullis
946 2675 979 2730 et
1003 2666 1135 2750 gallinis
1163 2683 1237 2728 eum
1262 2682 1327 2727 nno
1355 2681 1475 2746 magne

220 2811 222 2815 -
307 2773 384 2836 albo
404 2771 495 2856 gallo
520 2787 619 2855 super
635 2789 771 2836 caveam
796 2779 913 2853 stante,
941 2772 998 2853 qui
1017 2789 1076 2856 per
1099 2770 1261 2834 desertum
1283 2771 1348 2846 (la)
1368 2769 1475 2832 noetis

303 2878 402 2942 boras
422 2877 516 2941 nobis
547 2877 712 2942 iudiearet.
754 2877 901 2940 Emimus
935 2877 1032 2938 etiam
1062 2875 1144 2938 alias
1164 2875 1323 2957 oblongas
1342 2883 1474 2956 sportas

303 3004 362 3068 pro
382 2985 487 3067 vitris,
508 2983 669 3066 seutellls,
688 2982 790 3047 <lisois
808 2979 1016 3064 mensalibus,
1034 2997 1132 3044 oaseo
1153 2988 1188 3043 et
1208 2981 1281 3044 aliis
1301 2982 1474 3061 imponen-

303 3089 365 3170 dis,
387 3097 420 3150 et
435 3106 554 3172 parvas
575 3097 704 3170 sportam
720 3105 794 3150 oum
815 3086 919 3169 nnois,
940 3088 973 3147 in
995 3086 1111 3169 quibus
1133 3103 1248 3169 panem
1269 3093 1304 3148 et
1324 3084 1388 3148 alia
1407 3102 1473 3147 non

302 3189 424 3274 liquida
444 3191 571 3254 esibilia
589 3190 781 3254 haberemus
802 3189 897 3254 nobis
923 3189 966 3252 ad
986 3197 1121 3252 stratum
1141 3191 1226 3252 asini
1246 3206 1417 3272 suspensa,
1439 3197 1474 3252 et

303 3297 472 3378 amphoras
484 3295 653 3379 aquatioas
673 3304 706 3356 et
727 3295 888 3358 flascones
909 3312 982 3357 oum
1000 3295 1072 3357 suis
1091 3295 1196 3362 uneis.
1227 3293 1352 3357 Saeeos
1374 3293 1472 3356 etiam

301 3418 374 3463 oum
398 3399 573 3461 exsieeatis
595 3396 757 3479 earnibns,
776 3415 885 3480 caseo,
905 3399 1030 3482 butyro,
1053 3397 1135 3481 oleo,
1150 3407 1254 3481 aeolo,
1275 3399 1379 3462 lraeto
1399 3397 1473 3460 lru-

293 3512 408 3566 mento
431 3521 487 3586 pro
498 3502 673 3585 pulmento,
697 3503 818 3585 caepis,
837 3504 913 3587 riso,
934 3503 1126 3587 amygdalis,
1150 3503 1368 3583 salsamentis,
1388 3518 1472 3563 eon·

301 3609 395 3672 leetis
416 3607 566 3689 diversis,
577 3606 723 3671 dulcibus
745 3614 780 3669 et
793 3609 911 3670 amaris
924 3628 981 3691 pro
1001 3608 1148 3690 inllrmis,
1160 3617 1193 3670 et
1214 3605 1471 3689 medieinalibus,

298 3713 472 3777 luminibus
492 3713 608 3795 etiam,
629 3712 874 3795 ealoeamentis,
901 3723 935 3776 et
955 3714 1074 3797 sportis
1100 3711 1224 3776 duabus
1244 3709 1377 3792 repletis
1397 3710 1472 3772 ovis

298 3827 332 3882 et
350 3818 423 3883 aliis
443 3815 636 3900 hujusmodi,
655 3818 774 3900 quibus
794 3819 889 3884 bomo
911 3819 1071 3884 oommnni
1091 3835 1189 3882 eursu
1209 3815 1356 3900 indigere
1374 3815 1469 3879 solet.

296 3923 454 3988 Emernnt
484 3923 547 4006 ipsi
584 3923 760 3985 eamelarii·
775 3941 891 3987 saeeoa
926 3941 999 3986 uum
1037 3922 1157 3986 hordeo
1184 3940 1242 4005 pro
1275 3919 1471 3986 oamelorum

297 4028 433 4110 pabulo,
462 4035 496 4089 et
523 4026 672 4111 siliquam
702 4047 761 4109 pro
789 4031 981 4092 nutrimento
1008 4029 1182 4096 asinorum.
1222 4026 1264 4089 Et
1285 4026 1331 4088 ita
1351 4023 1470 4102 omnia,

297 4149 382 4214 qnae
403 4133 436 4194 in
463 4131 646 4194 Jerusalem
668 4132 822 4195 oblivioni
848 4131 1053 4212 tradidimus,
1074 4135 1108 4194 in
1129 4129 1225 4196 Gaza
1244 4127 1470 4211 supplevimus

237 4284 241 4290 .
295 4235 449 4314 hoodie.
493 4235 543 4298 lla
572 4236 624 4300 die
647 4235 745 4320 aliqui
773 4238 935 4318 peregrini
948 4231 1143 4300 ‘deciderunt
1165 4239 1198 4297 ln
1227 4232 1465 4317 aegritudinem

294 4359 439 4426 gravene
468 4343 514 4406 ita
534 4339 621 4424 quod
643 4339 685 4403 de
706 4341 774 4404 vita
795 4359 903 4404 eorum
927 4358 990 4407 uon
1010 4347 1100 4404 esset
1119 4340 1215 4403 uobls
1233 4353 1350 4420 magna
1376 4351 1468 4421 spes.
