3202 5218
734 331 798 398 unt

184 518 280 582 habet
304 514 514 579 intentionem
535 531 605 578 ram
627 512 844 597 videndi,neu
864 513 961 579 habet
984 515 1028 578 ibi
1042 513 1179 597 aliquam
1202 510 1358 576 abedien-
1421 605 1431 616 ἢ

185 625 271 685 tiam.
317 619 432 683 Sainnt
462 631 571 684 autem
590 619 637 684 itit
660 621 823 703 monaehi,
845 619 930 703 quud
960 637 1090 682 remane
1117 616 1258 680 eeeleaia
1278 634 1356 699 pru-

184 727 272 790 videt
295 727 391 787 etiam
413 724 479 787 iliis
500 723 582 786 leuia
604 723 644 787 de
671 724 844 808 praelatis,
864 727 896 787 in
919 724 1035 809 quibua
1057 721 1270 786 obedientiam
1292 737 1357 781 nun

185 830 293 912 habet,
306 837 340 892 et
361 838 493 892 eurrnnt
513 837 615 911 extra,
626 831 760 892 veniunt
772 829 909 892 Rumam
931 838 964 891 et
987 830 1141 922 invocant
1162 833 1196 888 et
1214 841 1357 907 cognou-
1485 883 1488 890 ,
1576 877 1577 898 ,

186 942 263 995 eunt
277 933 344 1014 jam
365 932 542 1016 praeturum
559 942 689 1016 prepter
705 943 887 1017 quaestum,
908 951 1002 1032 quern
1024 948 1195 1014 numquam
1217 931 1358 996 imnum·
1456 993 1459 998 ,
1576 925 1577 1008 3

186 1046 267 1119 rent,
289 1037 343 1100 vei
365 1039 418 1100 cni
437 1054 609 1120 numquam
632 1039 798 1102 obedirent
819 1049 949 1122 propter
963 1035 1140 1119 Christum,
1155 1043 1187 1096 et
1208 1034 1304 1096 fletae
1324 1039 1359 1094 et
1451 1075 1455 1082 -
1575 1049 1577 1064 ⁴

189 1142 296 1203 minna
325 1140 518 1204 deliberatus
549 1139 629 1205 derit
660 1143 803 1228 litterae,
833 1153 869 1206 nt
896 1143 1034 1226 pecunia
1063 1149 1174 1205 nostra
1193 1137 1302 1201 veniat
1324 1136 1358 1197 in

189 1263 282 1308 naum
300 1246 544 1316 haeretieorum.
587 1245 727 1332 Quarto,
762 1250 861 1312 irater
891 1247 946 1310 iiie
975 1251 1043 1308 atat
1075 1245 1120 1308 ibi
1150 1251 1184 1306 et
1215 1237 1357 1324 pustulat

188 1359 355 1432 argentum
377 1353 480 1434 gratia
500 1361 532 1414 et
555 1369 678 1434 aurum,
700 1362 732 1415 et
754 1369 816 1436 ege
838 1359 991 1435 expertus
1019 1367 1103 1432 anm,
1127 1344 1212 1430 qnod
1232 1345 1305 1427 ipae
1324 1343 1359 1405 in

187 1453 258 1518 iueu
277 1471 338 1519 auu
359 1473 423 1518 non
444 1457 546 1540 gratia
568 1459 706 1540 aperiret
728 1459 822 1520 aubia
840 1475 938 1520 unum
961 1453 1121 1518 eeclesiae
1142 1451 1272 1532 uatium,
1294 1465 1358 1510 nun

150 1617 153 1624 .
188 1558 279 1622 daret
293 1576 399 1643 aquae
414 1561 552 1646 frigidae
568 1571 688 1644 petum,
700 1579 764 1624 nen
787 1561 956 1644 praeberet
969 1557 1167 1638 ueiindrinm,
1181 1573 1246 1618 nun
1261 1570 1359 1635 prae-

187 1665 290 1725 at'aret
312 1651 431 1726 aunum
453 1665 634 1747 pro'uaieei
665 1668 855 1748 resartione,
877 1643 939 1729 nee
960 1663 1083 1748 peciam
1105 1645 1205 1745 panni
1226 1657 1360 1738 veteria,

188 1767 252 1828 ime
294 1775 421 1848 opertet
459 1769 593 1832 baunioa
636 1771 676 1832 ab
706 1773 756 1834 eis
790 1789 915 1853 emere,
945 1768 1000 1840 vel
1042 1783 1177 1830 censum
1207 1781 1266 1846 pre
1297 1763 1360 1823 ba-

190 1869 264 1936 auto
297 1870 385 1947 dare,
406 1889 500 1954 quem
535 1871 609 1955 quia
640 1877 775 1957 accipit,
796 1874 871 1938 dum
901 1881 1027 1936 mentua
1051 1878 1184 1934 sanetus
1204 1864 1359 1932 aseendit.

189 1977 263 2037 flou
284 1977 369 2037 enim
392 1979 426 2038 in
449 1979 718 2059 praecedentibus
740 1997 805 2040 non
826 1975 1002 2061 poeninen
1023 1976 1068 2039 ita
1089 1992 1128 2039 ae
1148 1973 1261 2039 habet:
1283 1971 1358 2036 dnm

189 2079 350 2164 peregrini
381 2091 509 2146 montes
539 2093 672 2149 sanctes
699 2084 813 2147 velunt
836 2078 1029 2164 aauendere,
1047 2081 1181 2143 veniunt
1211 2076 1360 2140 monaehi

190 2201 262 2248 eum
284 2186 425 2270 baculis,
447 2205 530 2271 quoa
556 2189 612 2251 vel
632 2187 794 2271 vendunt,
815 2186 869 2249 vel
894 2187 996 2270 pratia
1017 2183 1277 2263 aueummudant,
1299 2178 1358 2244 aad

189 2289 277 2355 nulio
299 2292 393 2355 modo
418 2292 495 2356 dant
516 2296 635 2379 gratia,
668 2301 780 2357 eontra
800 2290 896 2355 iilud:
918 2291 1021 2375 gratia
1043 2289 1234 2372 acceptatis,
1256 2285 1358 2368 gratia

189 2394 275 2460 date.
318 2397 383 2462 His
403 2397 510 2481 dictis,
532 2398 623 2463 flnitu
644 2415 794 2463 sermone
814 2397 953 2479 populns
973 2393 1125 2476 recussit,
1147 2409 1209 2454 neu
1230 2388 1358 2454 obuium

189 2501 235 2564 ilii
255 2501 412 2567 monachu
434 2481 531 2581 dedit,
553 2505 628 2588 ime,
655 2504 801 2569 avisatus
824 2501 900 2585 init,
922 2509 957 2563 ut
980 2499 1075 2562 eitius
1104 2495 1146 2559 de
1165 2493 1245 2558 urbe
1266 2509 1359 2556 reue-

192 2605 293 2689 deret,
307 2616 477 2690 antequam
498 2608 707 2692 interrogatio
728 2622 844 2670 severa
864 2606 904 2668 ab
924 2623 963 2669 eu
985 2602 1107 2667 fiderat.
1136 2598 1244 2664 Credo
1265 2598 1360 2678 enim,

191 2710 360 2804 quudnee
390 2714 528 2793 peeurria
548 2714 650 2776 abeo
671 2713 810 2776 collecta
842 2711 883 2774 ad
908 2710 1012 2773 lecum
1043 2704 1163 2770 muntia
1191 2699 1296 2783 {yrrai
1318 2697 1361 2760 ait

187 2823 338 2876 ventura.
381 2815 501 2879 Audivi
523 2823 655 2901 postea,
678 2817 763 2903 qued
790 2818 965 2902 imperatur
987 2811 1217 2877 serenissimus
1247 2810 1363 2864 atrax

192 2915 410 2982 Romanorum
424 2919 666 2985 Maximiiianna
688 2931 720 2984 at
742 2921 1011 3004 reanngariae,
1032 2933 1104 2980 eum
1126 2911 1245 2996 quibua
1261 2923 1362 2990 prae·

192 3020 299 3084 dictus
319 3025 458 3087 nuneina
479 3025 550 3101 suit,
575 3043 692 3109 magna
714 3043 845 3087 munera
865 3025 927 3088 aibi
956 3022 1122 3102 dederunt,
1144 3013 1204 3078 aed
1224 3010 1360 3092 inutilia,

190 3128 353 3210 quianon
376 3136 512 3191 serrant
532 3129 838 3214 huepraeeeptum:
861 3128 924 3193 Cui
942 3129 1012 3211 dee,
1031 3124 1150 3189 videto.
1193 3121 1254 3183 Eat
1275 3117 1360 3179 anim

188 3230 286 3294 'leem
307 3241 442 3295 sanetus
464 3242 494 3296 et
518 3233 714 3297 Christiania
749 3235 910 3317 pretiuaue
941 3240 974 3295 et
1001 3232 1063 3295 hee
1083 3233 1221 3313 pensant
1243 3229 1361 3285 utnon

190 3335 391 3420 interrogant
413 3336 454 3400 de
475 3339 631 3422 qualitate
656 3339 761 3402 iocum
782 3339 1045 3420 inhabitantium,
1067 3334 1122 3418 qni
1143 3329 1221 3394 nihil
1241 3326 1361 3391 valent·

192 3441 418 3523 indulgentiae
431 3442 512 3526 (62
522 3447 565 3527 a)
589 3453 694 3509 autem
718 3443 813 3508 datae
835 3451 893 3528 pe'r
917 3441 1113 3528 apostoliens
1133 3436 1180 3503 iiii
1202 3431 1363 3496 ecelesiae

193 3555 269 3608 nunt
291 3549 462 3631 antiquae,
484 3548 599 3631 datae,
622 3549 695 3613 dnm
719 3548 826 3613 adhue
847 3547 987 3611 ecclesia
1017 3550 1108 3607 eaaet
1128 3543 1189 3606 snb
1210 3539 1309 3619 Papa,
1331 3541 1365 3596 et

194 3649 300 3714 adhue
332 3651 461 3733 quidem
484 3651 598 3715 durant
620 3657 653 3715 in
675 3655 826 3718 favorem·
842 3653 1093 3735 peregrinomm,
1115 3647 1171 3730 qui
1203 3659 1261 3704 eas
1282 3657 1365 3704 uun-

192 3763 384 3839 aeqnnntur,
407 3755 481 3817 tium
505 3755 607 3820 iocum
629 3757 765 3819 visitant
786 3757 883 3819 etiam
906 3755 977 3818 aine
999 3769 1147 3831 munere,
1174 3763 1237 3811 neu
1268 3761 1365 3827 pere-

191 3864 304 3946 grinus
322 3865 406 3927 bene
437 3861 557 3925 iaceret
590 3859 695 3924 dando
724 3878 840 3924 munna
846 3905 857 3945 ,
878 3858 964 3944 qued
985 3855 1116 3922 eederet
1136 3857 1169 3918 in
1192 3851 1361 3916 utilitatem

158 3977 161 3984 '
189 3969 425 4035 naereticorum
449 3986 507 4051 pru
533 3966 752 4052 indulgentiis.
