3202 5218
777 339 783 360 r
858 291 922 357 ten

312 476 373 552 Dc
397 469 605 573 regionibns
637 468 781 564 mund,
814 495 905 571 ques
928 469 1084 548 vidimus
1109 473 1145 547 in
1181 475 1343 571 quotuor
1373 467 1486 570 pingis

362 607 484 678 terrae
511 615 560 668 ex
581 591 653 668 hoc
677 613 785 667 sacro
807 600 993 684 monteet
1017 591 1224 694 descriptio
1255 599 1445 680 terrarum,

765 736 938 810 equarum
963 722 1035 788 etc.

397 898 436 958 ln
457 891 630 976 supercilio
651 892 770 954 montis
790 902 924 956 senctee
937 890 1136 957 Gothorinee
1155 891 1318 954 stetimus
1340 898 1374 953 et
1392 898 1488 953 terres

315 1019 356 1066 eo
376 999 561 1082 provincias
588 1005 621 1058 ct
642 998 794 1078 regiones
821 1017 881 1081 per
911 1015 1029 1082 gyrum
1060 993 1368 1076 consideravimus,
1399 994 1488 1056 etium

315 1106 414 1187 longe
445 1103 641 1184 existentee;
681 1100 840 1186 siqnidem
881 1099 922 1164 nd
954 1101 1177 1185 longissimum
1213 1097 1332 1162 mnndi
1371 1106 1488 1182 purtem

315 1209 475 1289 vidimus,
508 1207 584 1288 quie
612 1205 710 1270 vuldc
730 1207 764 1268 in
787 1205 851 1268 ulto
883 1207 1068 1287 etobemns,
1100 1221 1162 1268 neo
1181 1223 1247 1288 per
1268 1203 1409 1267 nebulus
1438 1207 1490 1262 ent

284 1383 288 1394 K
314 1313 398 1378 elius
419 1310 504 1373 neris
525 1306 788 1391 indispositicnes
809 1309 1037 1392 impedimenta
1060 1312 1248 1375 habuimus.
1283 1307 1490 1390 Ccnjecimns

315 1435 394 1499 ergo
415 1413 529 1478 oeulos
550 1414 653 1496 primo
680 1421 792 1476 centro
821 1415 975 1478 orientem
997 1419 1031 1480 in
1058 1415 1259 1479 latissimum
1294 1414 1430 1491 l'retnm,
1459 1407 1490 1469 in

314 1523 421 1585 sinum
444 1519 625 1600 eretricum,
660 1519 770 1600 quiet
792 1534 881 1580 mere
909 1522 1039 1583 rubrum
1069 1518 1186 1584 dicitur
1208 1529 1243 1582 et
1267 1518 1313 1582 de
1342 1514 1424 1580 meri
1442 1513 1491 1574 in·

315 1625 389 1688 dico
410 1621 635 1705 progreditur,
657 1637 720 1684 rrec
748 1621 911 1702 potuimus
933 1632 1047 1687 contre
1069 1627 1227 1688 orientem
1251 1623 1371 1687 videre
1392 1615 1489 1683 oculis

315 1726 478 1810 corporeis
505 1725 570 1788 nisi
601 1742 720 1807 eques,
742 1743 826 1809 quse
847 1744 886 1789 se
907 1728 1127 1792 extendebant
1152 1747 1263 1814 nsque
1285 1729 1319 1790 in
1343 1729 1492 1788 montone

316 1821 468 1913 Menan,
489 1831 553 1911 ite,
575 1827 661 1912 qnod
683 1829 777 1912 queri
802 1849 861 1912 per
881 1832 1051 1897 circuitum
1073 1835 1191 1897 montis
1213 1831 1328 1915 Synei
1357 1824 1491 1890 vidimus

74 1942 86 1965 *
193 1989 199 1996 .
315 1956 406 2003 mere
429 1935 569 1999 rubrum.
611 1932 703 1997 Dure
728 1935 827 1998 nimis
848 1937 1084 2028 etperlcnlose
1114 1937 1287 2020 navigatio
1323 1939 1377 1995 est
1398 1927 1491 1992 merie

315 2041 421 2124 rubri,
443 2036 530 2103 unde
551 2037 749 2121 Jernnymns
770 2038 812 2102 sd
831 2038 1002 2104 Rusticum
1029 2041 1222 2104 monachum
1248 2039 1294 2102 de
1315 2032 1490 2099 monestlce

315 2149 386 2212 vlle
406 2145 457 2209 sie
477 2142 520 2205 de
539 2142 604 2211 hoe
623 2141 694 2206 loce
716 2142 873 2226 loquitor:
895 2145 1101 2228 Navigantes
1122 2162 1212 2207 mere
1233 2143 1370 2208 rubrum
1387 2133 1490 2198 multis

317 2248 566 2314 difficultatibus
596 2262 637 2310 oc
671 2248 824 2328 periculis
857 2248 899 2312 nd
931 2250 1041 2313 urbem
1076 2250 1249 2313 mammem
1300 2240 1490 2329 perveniunt

316 2364 454 2435 utreque
474 2352 559 2412 enim
580 2350 688 2413 littore
708 2360 825 2432 gentes
845 2367 964 2436 regne,
985 2354 1050 2417 imo
1072 2353 1200 2418 belluae
1220 2351 1385 2430 habitent,
1406 2345 1489 2407 lero·

317 2457 486 2536 clusinum
517 2470 645 2536 semper
665 2453 811 2538 solliciti,
844 2474 973 2540 semper
1001 2461 1132 2540 ermeti,
1162 2457 1266 2521 retine
1287 2453 1368 2519 unni
1388 2450 1490 2513 ierunt

318 2560 454 2640 οἰὴιιίις
477 2557 652 2620 terentibus
673 2558 764 2620 sexis
785 2559 944 2646 undisque
956 2561 1137 2627 durissimis
1155 2561 1253 2644 pleon
1277 2563 1359 2623 runt
1380 2549 1489 2626 omnin

316 2667 364 2731 ite
384 2670 423 2727 nt
443 2661 627 2746 speculator
647 2661 680 2724 in
702 2679 829 2728 summe
851 2665 966 2729 urbere
992 2664 1105 2730 sedent
1127 2675 1160 2729 et
1180 2664 1257 2728 inde
1294 2654 1438 2745 regendo
1459 2657 1489 2713 el

317 2766 599 2836 circumflectendo
620 2767 714 2831 nevis
735 2767 857 2832 dictate
886 2769 1061 2852 praedicet.
1104 2769 1201 2833 Felix
1228 2784 1353 2832 curans
1374 2753 1488 2835 eetrli

317 2880 396 2959 post
427 2891 489 2936 sex
529 2887 660 2935 menses
692 2872 897 2954 supradictae
941 2876 1030 2939 urbis
1063 2882 1190 2957 portum
1219 2879 1351 2953 tenent,
1388 2876 1488 2946 equo

320 2978 434 3062 incipit
452 2993 491 3038 se
512 2976 640 3057 operire
672 2995 830 3060 oceerrns,
858 2997 1034 3063 perquem
1064 2979 1122 3043 vix
1153 2995 1238 3040 enno
1269 2960 1486 3058 perpetuent

317 3081 442 3146 lndlem
468 3081 657 3162 pervenitur
678 3090 713 3143 et
734 3082 776 3144 ed
797 3080 947 3165 Gangem
969 3083 1120 3164 fluvium,
1142 3099 1237 3164 quem
1258 3097 1358 3144 sucre
1377 3069 1486 3150 Scrip-
1526 3115 1529 3123 .

317 3192 391 3247 ture
411 3183 532 3246 Phison
554 3185 711 3266 nominet,
733 3185 788 3248 nbi
809 3194 988 3250 nncuntnr
1007 3185 1242 3269 pretiosissime
1262 3167 1432 3267 qneequ'e,
1455 3178 1485 3232 ti

315 3295 446 3350 montes
466 3287 556 3349 enrei
577 3289 622 3350 lbi
643 3299 729 3370 sunt,
742 3306 824 3372 qnos
845 3289 935 3352 edire
951 3299 1081 3373 propter
1095 3293 1240 3374 gryphos
1269 3287 1486 3355 onerarent,

318 3397 355 3454 et
375 3391 602 3453 immensorum
626 3409 795 3473 corporum
817 3402 962 3456 monstro
993 3394 1175 3458 horninibus
1206 3389 1410 3477 impossibile
1430 3385 1485 3444 etl·

319 3494 413 3558 nece
441 3492 650 3576 Jeronymns.
698 3494 751 3555 ne
784 3495 897 3558 eodem
926 3499 1005 3560 meri
1041 3499 1148 3563 indico
1185 3507 1302 3562 contre
1334 3495 1486 3560 orientem

318 3597 403 3661 elius
423 3597 516 3660 sinus
538 3595 661 3661 recedit
681 3615 836 3682 magnus,
857 3602 914 3685 qni
935 3612 986 3665 est
1010 3605 1102 3666 sinn·
1130 3603 1278 3685 persicus
1300 3611 1336 3665 et
1357 3599 1391 3661 in
1410 3591 1486 3654 Per·

319 3700 424 3766 sidem
445 3701 609 3785 regionem
641 3720 680 3766 se
710 3705 870 3789 extendit,
892 3725 913 3770 e
938 3725 1003 3789 qun
1025 3715 1057 3768 et
1078 3725 1194 3769 nomen
1216 3706 1355 3789 occepit.
1398 3699 1485 3763 Htw

319 3807 412 3888 regio
453 3807 616 3870 nominate
675 3810 709 3871 in
762 3828 858 3875 secra
912 3809 1080 3895 Scriptura
1126 3809 1263 3874 Persida
1310 3809 1426 3873 dicitur
1464 3809 1483 3856 Ι

317 3909 458 3992 Perseo,
488 3928 566 3993 rege
597 3913 817 3997 Argivorum,
848 3931 983 3998 graece,
1027 3914 1082 3996 qni
1118 3931 1189 3977 cem
1226 3914 1335 3979 multis
1356 3900 1482 3995 proclii!

319 4014 441 4078 habitis
462 4011 583 4078 devicit
605 4026 637 4078 et
658 4028 798 4101 gentem,
822 4037 906 4102 quoe
926 4019 1033 4081 edhuc
1054 4019 1196 4101 agrestis
1218 4018 1288 4100 l‘uit,
1310 4007 1483 4080 humaniter

319 4119 436 4182 vivere
456 4120 564 4201 coegit
584 4127 616 4181 et
637 4138 657 4180 n
678 4139 717 4183 se
735 4122 858 4204 regioni
880 4140 997 4184 nemen
1017 4123 1179 4204 imposuit.
1211 4121 1263 4188 De
1287 4121 1349 4185 hcc
1368 4117 1483 4180 Persw

320 4231 436 4306 peetse
458 4223 558 4285 multe
578 4223 706 4306 lingunt
728 4231 764 4286 et
791 4222 833 4287 de
853 4223 924 4307 ejus
947 4207 1032 4288 eluto
1052 4245 1136 4308 equo
1167 4226 1244 4290 vide
1265 4225 1371 4308 ulique
1392 4219 1482 4282 l’erle

300 4328 351 4394 ·1.
366 4327 422 4393 tel.
438 4328 480 4393 78
492 4329 530 4398 Β.
557 4329 593 4391 ln
615 4327 671 4391 ille
694 4328 826 4411 regione
848 4339 918 4394 eret
938 4329 1099 4414 quendem
1121 4329 1239 4394 civitas
1257 4322 1483 4414 potentissime
