3202 5218
687 321 746 386 ⁴81

138 503 225 569 filins
244 503 346 568 Nerei
377 501 429 566 dei
460 503 573 566 oceani
605 512 637 568 ot
661 501 759 566 Doris
780 500 891 564 uxoris
912 499 1000 584 ejus,
1023 519 1064 563 ex
1086 502 1202 584 quibus
1216 505 1311 588 juxta

136 609 296 694 poeticam
317 610 532 672 narrationem
551 607 619 670 nati
639 616 715 669 sunt
735 624 859 688 amnes,
882 606 1053 689 nymphae,
1069 625 1181 670 omnes
1202 610 1311 674 humi-

138 714 268 796 ditates,
291 714 397 777 fontes
420 722 453 775 et
480 707 622 780 flumina.
662 709 898 794 Primogenitns
927 710 1013 773 iilius
1034 712 1134 775 Nerei
1160 723 1192 777 et
1212 711 1311 779 Doris

139 817 256 882 dicitur
275 817 468 900 Archelaus,
489 818 564 880 iona
587 815 715 899 qnidam
739 814 908 897 Graeciae,
930 835 1025 899 quem
1048 816 1158 880 dicunt
1175 819 1310 900 primum

140 923 182 985 de
202 933 288 986 terra
309 925 464 1006 erupisse.
509 921 598 984 Fons
621 929 726 984 antam
759 920 815 983 ille
843 931 979 984 sarrctns
1007 922 1111 1004 erupit
1143 941 1185 986 cx
1217 934 1311 1007 petra

141 1028 182 1093 ad
205 1031 372 1112 imperinm
394 1028 522 1091 Domini
545 1036 578 1090 et
601 1035 748 1109 peracto
766 1026 942 1089 ministerio
964 1044 1024 1089 suo
1046 1028 1208 1110 cessavit,
1227 1029 1312 1093 siout

139 1133 235 1196 atella
266 1136 360 1197 trium
394 1137 562 1216 Magorum
593 1149 657 1194 non
691 1132 809 1193 mansit
840 1138 916 1212 post
945 1131 1155 1194 ministerium
1189 1141 1222 1194 et
1252 1151 1312 1196 co-

141 1238 264 1321 lumba,
295 1240 327 1304 in
364 1256 428 1321 qua
459 1240 550 1301 visus
583 1244 635 1298 ost
664 1233 805 1318 Spiritus
832 1243 977 1297 sanctus.
1028 1235 1103 1297 Non
1138 1235 1196 1299 suit
1228 1238 1311 1302 baec

140 1361 225 1425 aqna
254 1343 330 1406 data
360 1343 402 1406 ad
434 1343 571 1427 aliquam
593 1357 698 1402 ,nsum
729 1339 827 1402 alium
858 1339 921 1401 nisi
956 1337 996 1402 ad
1028 1351 1156 1422 potum,
1178 1351 1212 1405 et
1239 1360 1314 1406 cro-

143 1447 249 1512 dimna
270 1467 334 1512 non
362 1449 537 1530 immerito,
560 1463 675 1529 aquam
706 1445 809 1507 titisse
836 1443 1072 1526 dulcissimam,
1094 1445 1315 1532 clarissimam,

140 1551 345 1614 sanissimam
369 1564 401 1617 et
428 1543 760 1632 delectabilissimam,
783 1567 866 1632 quae
898 1568 1069 1631 numquam
1102 1551 1315 1614 amaritudine

141 1655 263 1718 inlecta
285 1657 400 1738 inerat,
414 1658 499 1719 sicut
515 1675 619 1739 aqnao
640 1664 839 1717 caeterorum
857 1653 989 1716 lontinm
1004 1671 1117 1717 omnes
1138 1655 1169 1717 in
1193 1673 1314 1721 oceano

143 1768 176 1822 et
198 1762 277 1823 mari
304 1761 445 1823 iniectae
466 1759 594 1822 inerunt
620 1758 831 1821 amaritudine
853 1767 884 1822 et
917 1778 976 1841 par
997 1759 1188 1823 colationem
1209 1769 1314 1824 terrae

143 1865 380 1952 mundificatus,
396 1882 457 1927 nec
478 1881 562 1948 aqna
586 1865 668 1926 baec
689 1882 748 1945 par
769 1864 906 1946 aliquem
930 1881 1024 1926 usum
1047 1866 1313 1933 abominationem

143 1970 314 2051 contraxit,
333 1970 421 2032 -aicnt
442 1967 524 2030 aliae
546 1985 650 2050 aqnaa
677 1966 718 2030 ad
739 1967 853 2030 sordes
874 1968 1062 2032 deserviunt
1093 1979 1124 2032 et
1148 1971 1316 2034 abomina-

144 2073 227 2138 biles
247 2072 322 2135 inde
341 2071 431 2155 liunt,
453 2072 538 2136 sicut
560 2073 660 2135 iertur
685 2074 868 2155 contigisse
889 2072 968 2136 sonti
995 2072 1243 2158 dictodniger:
1264 2076 1317 2139 bic
1417 2057 1419 2062 ¹

140 2195 165 2240 a
186 2176 358 2260 primordio
387 2177 492 2240 dulcis
524 2177 600 2258 init,
622 2173 729 2240 olarns
762 2186 797 2240 et
827 2195 943 2260 sanus,
966 2179 1026 2242 sed
1059 2177 1131 2240 dum
1154 2176 1316 2243 Hercules
1392 2221 1396 2230 -

143 2282 240 2365 gigas
261 2300 332 2344 cnm
357 2284 519 2346 centauria
547 2281 762 2364 congrediens
783 2301 840 2346 eos
861 2283 1084 2366 vulnerasset,
1106 2275 1317 2348 cucurrerunt

145 2389 289 2450 centauri
312 2385 352 2449 ad
374 2387 494 2450 iontem
514 2386 603 2450 illum
625 2395 657 2448 et
679 2387 711 2448 in
734 2405 773 2450 eo
795 2387 932 2450 vulnera
961 2407 1020 2451 sna
1044 2388 1209 2475 laverunt,
1232 2391 1317 2454 nnde

144 2492 284 2574 accidit,
296 2490 381 2574 qnod
403 2494 443 2553 ab
465 2510 504 2554 eo
527 2500 670 2574 temporo
691 2511 795 2575 usqua
820 2512 906 2557 nuno
927 2493 1000 2556 fons
1019 2492 1073 2556 ille
1094 2495 1193 2558 babet
1214 2513 1317 2577 aquas

144 2595 338 2677 immundas,
361 2596 509 2678 foetidas,
531 2597 663 2660 insanas
686 2605 719 2660 et
741 2597 857 2659 salsas.
902 2598 953 2660 De
976 2599 1063 2661 fonte
1085 2608 1197 2662 nostro
1227 2585 1319 2681 dicit,

145 2701 278 2784 psalm:
312 2703 486 2785 Interrupit
508 2711 629 2785 petram
656 2702 690 2764 in
712 2721 819 2764 eremo
841 2711 873 2764 et
895 2701 1069 2785 adaquavit
1091 2722 1148 2765 eos
1170 2704 1260 2766 velut
1285 2707 1317 2766 in

146 2809 269 2889 abysso
291 2806 400 2881 multa.
429 2809 536 2870 Habet
558 2808 641 2869 anim
659 2815 751 2888 petra
771 2806 827 2870 illa
848 2804 943 2868 lrodie
964 2809 1060 2888 signa
1075 2808 1317 2889 interruptionis

147 2912 180 2972 in
215 2912 323 2974 multis
345 2912 441 2994 locis3
466 2930 529 2974 non
562 2912 645 2973 enim
671 2911 772 2974 exivit
801 2927 886 2992 aqua
919 2909 959 2972 de
992 2909 1075 2992 peda
1106 2918 1236 2993 petrae,
1258 2911 1317 2974 scd

146 3016 290 3099 undique
311 3034 353 3078 ex
378 3035 418 3079 ea
438 3015 591 3097 produxit
613 3022 646 3075 et
666 3013 813 3096 prosiliit,
828 3015 913 3076 sicnt
934 3013 1030 3076 hodie
1051 3015 1083 3076 in
1105 3032 1145 3077 ca
1165 3016 1319 3085 cernitur.

146 3122 240 3194 Haeo
261 3128 354 3202 patra
367 3118 645 3181 venerandissima
661 3115 805 3181 redditur
818 3125 852 3180 et
873 3125 1003 3200 propter
1017 3117 1191 3183 mirabilem
1214 3138 1319 3202 aquae
1384 3167 1391 3177 ,

148 3224 367 3307 profusionem
396 3233 429 3286 et
457 3232 587 3306 propter
612 3220 797 3286 imitabilem
829 3221 1115 3306 significationem:
1156 3225 1319 3307 significat

149 3331 236 3392 enim
265 3328 441 3393 secundum
466 3327 646 3410 apostolum
668 3330 701 3392 in
733 3349 783 3411 ep.
809 3331 836 3393 i.
862 3325 929 3390 Cor
958 3327 988 3395 a.
1014 3330 1120 3409 ipsum
1146 3317 1331 3415 Christum,

149 3443 241 3518 petra
276 3443 404 3517 autem,
424 3434 457 3496 iu
485 3451 550 3514 qna
583 3441 651 3494 erat
675 3430 836 3518 Christus,
858 3431 943 3495 banc
968 3441 1092 3516 petram
1111 3436 1320 3499 circuivimus
1359 3503 1362 3512 Δ
1496 3461 1502 3472 ·

149 3547 180 3600 et
204 3540 305 3621 ipsam
328 3525 506 3602 deosculati
528 3553 649 3600 sumus.

233 3642 360 3706 Deinde
393 3651 629 3726 consequenter
658 3639 877 3723 processimus
915 3649 946 3702 at
974 3640 1007 3703 in
1037 3639 1163 3716 ,vallam
1200 3642 1320 3706 'iboias

150 3747 269 3811 dictam
303 3746 530 3810 descendimus
552 3755 585 3809 ot
616 3745 660 3808 ibi
691 3745 832 3807 vidimus
863 3744 973 3807 ruinas
1004 3744 1171 3827 cujusdam
1201 3750 1322 3832 antiqui

149 3854 347 3934 monasterii,
365 3853 397 3915 in
420 3870 484 3936 qno
506 3851 581 3914 olim
603 3849 714 3934 plnres
736 3850 917 3931 deguerunt
938 3850 1053 3933 sancti,
1076 3859 1108 3912 ot
1130 3868 1230 3914 secus
1251 3871 1322 3916 mo-

149 3959 324 4020 nasterinm
347 3967 474 4021 antrum
497 3975 647 4039 magnum
669 3966 701 4018 et
724 3954 915 4038 pruinndnm
953 3956 986 4017 in
1007 3957 1124 4018 montis
1146 3956 1322 4037 penetralia

150 4059 285 4144 ducens,
295 4063 329 4125 in
341 4062 426 4145 qnod
439 4063 562 4149 antiqui
576 4071 685 4143 patros
697 4061 802 4123 sancti
817 4058 1071 4146 transfugerunt,
1085 4052 1322 4125 abscondentes

151 4181 189 4224 se
210 4183 231 4227 a
252 4165 371 4229 lumina
392 4177 511 4249 creato,
533 4178 568 4230 ut
589 4166 787 4229 intenebris
814 4163 921 4226 lumen
941 4163 1117 4228 increatum
1140 4173 1320 4242 cernerent,

130 4269 229 4349 'quii
249 4268 324 4356 Jolr.
352 4271 397 4332 t.:
423 4271 497 4333 lanx
518 4271 713 4334 intenebris
733 4269 836 4350 lucet,
859 4274 892 4329 at
912 4267 1019 4330 David
1037 4270 1070 4332 in
1090 4269 1222 4351 psalm:
1247 4269 1322 4334 Nox

152 4368 342 4435 illuminatio
365 4391 437 4436 mea
468 4371 501 4436 in
523 4373 649 4440 deliciis
669 4377 771 4456 mais3
795 4374 879 4436 sicut
912 4371 1065 4528 tenebraq
1093 4373 1181 4456 ejus,
1212 4376 1259 4437 ita
1290 4383 1322 4438 et

1068 4473 1080 4528 l
