3132 5206
688 234 733 308 os,

122 403 259 502 oquitur·
290 416 404 480 leatus
434 415 646 480 Benrhardus
686 416 720 478 in
755 432 908 478 sermone
941 415 983 478 ad
1022 415 1140 484 milites
1178 403 1288 502 tontpli

110 537 188 603 cap.
209 519 231 582 9
251 519 531 598 θοιιιιιιοιι,(1ιι1)ἰ1ἰαΙΙ

223 669 283 745 De
315 691 467 746 recessu
498 670 769 772 peregrinorum
801 694 824 742 a
859 666 1026 744 Jordane
1059 680 1185 746 contra

467 789 511 878 S.‚
530 788 711 866 Johannis
736 787 927 889 capellam.

168 985 231 1059 ne
254 983 449 1062 sonuum
474 950 668 1090 sonantes
681 997 719 1061 et
744 985 792 1061 ue
817 985 964 1062 resero
990 985 1032 1082 s.
1056 985 1237 1060 suanus

595 1107 797 1209 Baptistae.
1282 1109 1285 1117 ’

207 1248 420 1313 Balneatioue
439 1259 572 1333 peracta
591 1269 667 1314 mox
688 1251 799 1312 asinos
820 1247 1061 1314 reascendirnus
1083 1258 1115 1314 et
1135 1259 1285 1320 asaucto

109 1352 249 1426 flumine
271 1357 466 1418 recessimus
495 1374 555 1438 per
575 1357 684 1432 viam,
714 1371 776 1437 qna
800 1369 1005 1416 veneramus.
1050 1351 1132 1416 Cum
1167 1373 1285 1437 magno
1316 1407 1318 1410 ,

108 1473 197 1538 ergo
213 1457 332 1538 gaudio
354 1460 597 1522 revertebantur
616 1459 663 1520 illi
684 1458 862 1541 peregrini,
883 1458 938 1539 qui
958 1465 1098 1523 montem
1110 1457 1201 1522 Sinai
1221 1477 1284 1534 non

106 1560 323 1634 intendebant
343 1561 494 1645 visitare,
529 1563 693 1645 quiajam
713 1561 981 1645 peregrinationis
1009 1579 1088 1632 suae
1112 1565 1284 1640 terminurn¹

107 1666 303 1750 attigerant3
324 1665 480 1730 Jordanis
501 1670 587 1729 euim
608 1667 741 1730 ultimos
764 1665 921 1728 terminus
943 1673 996 1728 est
1012 1668 1284 1756 peregrinationis

106 1771 427 1854 hierosolymitanae,
469 1769 788 1854 Ascendimusrergo
810 1788 871 1852 per
900 1769 1107 1837 solitudinem
1125 1771 1286 1852 dordonis

107 1892 186 1943 oum
207 1874 396 1938 festinantia
427 1875 461 1936 in
492 1874 657 1956 desertum
676 1875 836 1938 Jolrauuis
859 1872 1037 1956 Baptistae,
1073 1876 1130 1958 qni
1162 1876 1282 1945 inillis

109 1979 252 2044 desertis
262 1979 343 2043 locis
365 1979 650 2059 supraJordancon
673 1980 819 2042 habitare
833 1979 949 2060 coepit,
976 1987 1149 2062 postquam
1162 1981 1284 2048 iactum

109 2093 163 2158 est
183 2086 317 2148 verbnm
340 2075 471 2145 Domini
493 2101 591 2166 snper
613 2101 686 2148 eum
707 2085 741 2144 in
766 2083 897 2161 deserto
917 2102 1017 2165 prope
1036 2081 1163 2146 domurn
1181 2087 1284 2167 petris

107 2189 172 2252 sui
216 2187 294 2250 ldeo
315 2185 431 2250 dieitur
450 2185 530 2253 huc.
553 2186 604 2268 a,
638 2185 724 2269 quod
746 2187 837 2248 venit
872 2187 906 2248 iu
940 2188 1107 2268 regionem
1128 2187 1284 2252 Jordanis

107 2291 305 2376 praedicans
326 2299 359 2354 et
378 2291 557 2373 baptizans.
601 2289 773 2352 Habitavit
807 2293 906 2352 otiam
936 2289 977 2352 ad
1006 2299 1134 2372 tempus
1162 2292 1195 2356 in
1215 2293 1284 2366 Be

112 2397 243 2477 unia,
267 2403 424 2478 quaeest
446 2403 535 2464 trans
557 2393 752 2473 Jordenern,
774 2402 810 2457 ut
831 2395 969 2460 liabetur
988 2395 1063 2458 Joh.
1089 2395 1128 2478 l.,
1152 2403 1185 2460 et
1205 2417 1283 2480 pcr-

111 2500 265 2564 transtvit
296 2499 446 2582 regiones
467 2497 621 2562 Jordauis
644 2497 779 2563 deloco
801 2499 843 2570 od
865 2500 970 2563 locum
993 2505 1126 2582 propter
1152 2503 1283 2584 praedi-

112 2605 285 2681 cntionem,
325 2605 364 2665 ln
384 2603 447 2668 hoo
458 2621 537 2666 vero
552 2601 692 2684 deserto,
711 2622 770 2686 per
790 2603 876 2686 quod
893 2603 1109 2687 ascendimus,
1123 2607 1283 2688 quondam

112 2707 274 2772 Dominus
293 2707 395 2770 Jcsns
415 2706 457 2770 ad
477 2725 549 2769 eum
568 2709 658 2769 veuit
681 2716 795 2787 petens
817 2709 1024 2788 baptismum.
1069 2707 1153 2770 Sunt
1175 2719 1283 2772 autern

112 2828 213 2894 supra
233 2809 413 2886 ¹Jordauorn
435 2809 626 2874 solitudines
648 2828 806 2894 asperae,
830 2811 863 2873 iu
884 2812 1001 2894 quibus
1019 2811 1131 2894 deguit
1158 2812 1285 2875 beatis-

113 2917 219 2988 simus
237 2916 386 2998 Baptista
406 2924 438 2978 et
458 2923 534 2998 post
554 2933 628 2978 eurn
652 2913 744 2976 multi
765 2916 870 2976 sarroti
891 2923 1012 2998 patres,
1033 2915 1090 2998 qui
1112 2914 1154 2979 ad
1181 2918 1285 2981 instar

112 3019 283 3102 Brptistae
320 3019 414 3090 zonis
443 3017 589 3101 pelliceis
623 3021 767 3081 contenti
804 3017 945 3087 edebant
977 3017 1122 3082 locustas
1145 3029 1191 3083 ·et
1220 3021 1284 3086 nrel

113 3123 531 3206 siluestra,sicutd1atth.
552 3121 584 3188 3
608 3121 650 3185 de
670 3122 822 3187 Johauue
843 3122 968 3205 legitur.
1013 3120 1081 3186 Sed
1102 3123 1282 3209 videamus,

116 3228 194 3312 qaid
222 3229 269 3291 sit
292 3226 420 3292 locusta
445 3227 501 3290 illa
532 3236 565 3290 et
596 3225 660 3289 mel
679 3221 860 3291 silvestrei
894 3224 1032 3303 Quidam
1053 3225 1176 3310 dicunt,
1198 3231 1284 3314 quod

114 3332 261 3398 locastae
280 3332 348 3394 aiut
368 3333 491 3395 minuta
511 3332 665 3396 animalia
685 3332 853 3406 volitantia
880 3349 938 3414 per
958 3329 1087 3396 modum
1108 3331 1224 3417 saltus,
1252 3345 1286 3399 et

114 3437 255 3500 mbmnt
284 3453 394 3498 serras
425 3437 510 3498 inter
548 3454 657 3518 crura,
684 3437 772 3510 nude
808 3439 904 3499 etiam
941 3442 1089 3500 serratas
1123 3434 1284 3522 dicuutur,

113 3541 233 3608 habent
253 3548 360 3604 autern
397 3558 517 3622 corpus
547 3541 588 3604 nd
611 3539 737 3604 modum
759 3539 850 3622 digiti
870 3558 986 3602 manus
1014 3539 1099 3602 exile
1122 3551 1153 3603 ct
1175 3520 1284 3625 breve,

113 3653 146 3708 et
167 3643 309 3708 laelliter
329 3646 414 3706 iuter
434 3644 553 3708 herbas
574 3645 745 3728 capiuntur
765 3644 917 3726 etcopite
937 3652 1101 3725 amputato
1118 3646 1285 3731 plixontur

112 3751 148 3812 in
177 3749 250 3822 oleo
277 3758 309 3812 et
332 3748 582 3829 manducentur,
608 3756 643 3810 ot
664 3757 716 3811 eat
736 3749 828 3810 cibus
846 3767 1048 3830 pauperum,
1082 3750 1168 3814 unde
1189 3742 1286 3838 hodie

112 3855 145 3918 in
167 3853 297 3918 deserto
318 3852 466 3924 Judaeae
487 3854 691 3934 reperiuntur
721 3852 797 3917 illae
828 3851 981 3919 locustae.
1024 3853 1076 3944 De
1099 3854 1150 3918 his
1174 3854 1303 3935 dicpnt¹

114 3956 342 4032 statianam
360 3955 619 4039 pronutiare.
663 3955 730 4021 Alii
751 3975 830 4020 vero
849 3957 1019 4020 sublimius
1037 3954 1122 4022 deS.
1134 3957 1287 4024 Johauoe

114 4063 293 4136 sentientes
332 4059 459 4138 dicunt:
509 4077 575 4124 non
618 4077 695 4136 ¹esse
730 4059 926 4152 verisimile,
957 4057 1043 4143 quod
1080 4059 1286 4123 beatissimus

114 4167 264 4250 Baptista
284 4163 480 4228 locustarum
501 4179 617 4231 carnos
638 4164 885 4231 manducaverit
905 4165 937 4228 iu
951 4162 1092 4245 deserto,
1116 4163 1286 4246 quietiora

116 4289 232 4354 panem
259 4267 463 4364 ,mensuare
497 4269 602 4334 renuit
633 4271 667 4332 in
704 4269 807 4357 prima
842 4269 948 4360 domo.
1001 4267 1046 4328 Et
1077 4265 1125 4330 illi
1165 4263 1285 4350 dicunt,

1033 4365 1050 4420 4
