3212 5206
181 441 335 526 adigerit,
357 439 434 524 quis
455 457 530 503 oum
550 449 662 503 oaroal
682 441 786 523 aquis,
808 457 904 504 nemo
925 445 1051 504 leolum
1076 455 1207 504 ιιιοιιιιιιι
1235 436 1353 502 duoera

181 555 290 630 polest
311 544 352 609 de
373 562 470 628 aqua,
492 541 578 630 quod
599 544 662 608 sili
682 545 832 608 suffiuial
848 563 906 628 pro
928 542 1041 607 mullis
1062 545 1235 608 mensibus.
1250 541 1353 608 ¹Unde

182 659 257 734 post
279 648 488 714 solitudinem
518 648 606 710 illam
635 648 792 731 inoipiunt
823 658 974 738 montana
1004 648 1179 731 altissima,
1210 664 1294 738 quae
1322 648 1352 710 si

182 757 258 838 quls
289 752 490 824 adscendere
520 761 649 835 posset,
685 753 721 815 iu
739 752 880 835 paradisi
902 747 1067 837 'regionem
1101 754 1237 832 veniret.
1281 749 1349 816 Sed

183 855 275 922 Dens
307 859 413 942 posuit
445 858 478 920 in
510 858 597 920 viam
630 857 810 920 flammeum
848 856 1007 942 gladium,
1049 860 1071 922 i.
1104 877 1132 920 e.
1161 859 1352 920 imrueusum

185 964 345 1048 ardorem,
377 972 487 1026 lautus
518 971 570 1024 est
598 963 683 1025 enlm
715 962 760 1028 ibi
787 963 868 1027 solis
899 963 995 1028 ardor
1027 971 1062 1026 el
1090 969 1181 1026 tauta
1208 962 1352 1038 siooilas,

185 1067 272 1152 quod
293 1066 492 1152 impossibile
512 1076 563 1131 est
577 1069 737 1131 hominem
758 1068 814 1134 illa
833 1077 1002 1151 penalrare
1018 1071 1113 1132 eliam
1132 1067 1249 1131 habilis
1266 1067 1355 1131 vilae

184 1171 264 1254 (28
273 1175 320 1256 s)
341 1172 547 1255 necessariis,
569 1189 653 1256 quae
678 1182 784 1238 lamen
807 1174 936 1256 ponilus
957 1174 1002 1236 ibi
1022 1173 1186 1237 deliciunt·
1214 1169 1352 1249 Quidam

185 1283 294 1340 tamen
326 1285 515 1340 sanatorum
542 1283 686 1360 patrum,
715 1286 753 1340 ut
782 1277 818 1342 Sa
845 1277 1008 1342 Macarius
1040 1278 1207 1343 Βοιιιιιιιιιιι
1234 1285 1267 1337 ol
1298 1273 1353 1337 alii
1431 1301 1433 1308 ·
1461 1318 1467 1326 -

183 1381 325 1465 quidam,
349 1389 499 1444 sonatum
522 1376 617 1463 qnasi
638 1382 723 1446 ultra
742 1393 888 1447 ualuram
902 1382 1065 1446 ludentes
1085 1391 1161 1466 post
1190 1381 1350 1462 desertum

182 1485 246 1550 hoo
277 1493 440 1548 venemnt
470 1486 504 1548 in
536 1485 725 1550 delicabiles
765 1489 934 1571 regiones,
969 1486 1029 1551 sed
1060 1485 1212 1570 progredi
1241 1494 1353 1548 oonlra

184 1589 367 1674 paradisum
403 1607 606 1674 nequequam
636 1601 794 1675 poteraut.
837 1591 963 1656 Dieilur
984 1593 1079 1654 etiam
1101 1589 1240 1654 solitudo
1261 1607 1352 1654 seru-

185 1696 327 1778 pilerna‚
363 1713 421 1777 pm
450 1712 509 1776 eo,
531 1695 618 1779 qnod
649 1685 821 1780 numquam
848 1697 911 1758 mit
940 1714 1003 1759 oea
1023 1697 1085 1760 erit
1106 1697 1257 1760 humanis
1279 1698 1351 1762 usi·

187 1798 248 1860 bus
269 1807 354 1881 epla.
397 1803 533 1882 Insuper
553 1796 693 1865 solitudo
731 1801 881 1865 terribilis
907 1810 1006 1883 atque
1035 1799 1195 1866 horribilis
1223 1817 1352 1863 nunon-

185 1912 298 1986 palurr
342 1904 494 1967 terribilis
515 1916 645 1989 propler¹
666 1908 821 1970 montium
844 1905 1044 1969 altitudinem
1067 1907 1259 1970 molieram
1283 1903 1352 1967 ior-

186 2025 290 2092 mam3
332 2009 493 2075 horribilis
514 2030 593 2074 vero
622 2020 753 2095 propler
783 2010 915 2074 vallium
938 2017 970 2072 ol
991 2013 1183 2074 torrentium
1213 2012 1352 2073 immen-
1388 2092 1393 2100 ι

87 2167 92 2174 .
189 2129 260 2182 aum
289 2111 548 2196 profunditatem.
593 2115 715 2195 Quarto
747 2116 864 2181 dieitur
884 2117 974 2198 regio
1005 2112 1062 2177 illa
1091 2115 1198 2196 imago
1228 2114 1352 2197 merlis,

189 2235 249 2299 pro
268 2235 317 2299 eo,
340 2217 426 2301 quod
447 2223 565 2304 omnia,
585 2239 680 2305 quae.
694 2221 783 2286 videt
804 2222 899 2321 homo
920 2218 1194 2303 perdurantem,
1217 2227 1351 2282 mortem

186 2324 357 2405 miriamur,
379 2341 469 2386 oum.
474 2325 583 2388 nihil
573 2345 607 2389 ιιι
628 2344 666 2390 se
684 2326 812 2405 habeut,
834 2343 899 2409 quo
920 2327 991 2404 vita
1011 2324 1151 2388 humanu
1171 2320 1351 2385 sustentari

184 2437 292 2511 queat,
314 2438 442 2492 monlos
461 2433 547 2494 euim
569 2441 602 2494 el
622 2432 744 2514 eolles,
764 2430 870 2518 valles
891 2441 925 2494 el
945 2433 1104 2518 lorrenles
1123 2427 1253 2491 steriles
1275 2435 1352 2490 suut

184 2533 350 2594 almonis
377 2527 518 2618 insignia
549 2532 746 2618 praeierunt.
788 2504 888 2600 Color
919 2536 1019 2613 oliam
1047 2513 1157 2597 terrae
1184 2530 1352 2626 dissimilis
1484 2539 1488 2548 '

187 2641 247 2698 e'st
274 2637 374 2700 e'olori
407 2647 512 2702 lerrue
549 2640 744 2705 helluonis:
802 2641 985 2706 flemeent·
1004 2640 1088 2702 enim
1120 2633 1164 2702 eir
1204 2656 1243 2701 ea
1276 2655 1354 2700 um·
1362 2659 1373 2712 '.
1416 2693 1417 2696 ,

186 2742 265 2806 brae
308 2744 422 2806 ruurtis
467 2751 612 2828 propior
664 2746 872 2828 aduslipnis
901 2763 981 2809 suaa
1008 2739 1246 2835 nigredinem,
1291 2755 1353 2804 neo
1475 2781 1477 2787 ,

185 2847 296 2909 vivum
322 2847 495 2934 quidquam
533 2852 674 2914 interra
701 2851 757 2914 illa
778 2859 847 2933 est,
877 2851 940 2914 uisi
961 2848 1047 2933 quod
1073 2851 1164 2912 vilae
1194 2846 1354 2909 humanae

187 2951 368 3020 insidiatur.
410 2956 573 3037 lusuper
564 2975 598 3018 ιιι
617 2951 800 3037 liujusmodi
820 2955 952 3031 (rebus)
975 2952 1168 3016 terrentibus
1185 2949 1352 3033 pestilera
1435 2978 1439 2986 ·

186 3053 242 3116 illa
262 3055 490 3140 eoluquinlida,
510 3063 645 3156 quaed
666 3060 749 3142 lleg.
773 3062 802 3122 4.
827 3077 913 3123 mors
933 3060 967 3134 iu
988 3057 1053 3121 olla
1059 3056 1200 3139 dieitur,
1218 3054 1351 3137 eopiose

35 3157 39 3165 '
175 3163 322 3242 urescit,
343 3181 438 3245 quam
461 3168 516 3246 qni
539 3164 678 3230 eomedit
699 3165 862 3252 moritur...
868 3164 925 3227 llll
944 3165 985 3226 ob
1008 3161 1092 3224 hano
1114 3171 1147 3224 el
1166 3161 1248 3225 alias
1269 3177 1352 3222 oau-

147 3281 242 3330 ··sas
264 3268 352 3349 regio
374 3267 455 3331 illa'
446 3287 552 3353 imago
574 3273 685 3338 merlis
707 3242 898 3334 nominatur.
933 3265 1063 3351 Quirite
1085 3265 1198 3330 eadem
1227 3265 1352 3327 talione
1407 3357 1408 3360 Ἴ

185 3370 366 3436 nominatur
387 3375 477 3455 regio
498 3373 555 3436 llla
576 3385 663 3445 terra
684 3369 820 3460 sl'erilis,
848 3373 927 3446 nihil
949 3374 1034 3436 οιιίιιι
1054 3373 1099 3436 ibi
1124 3372 1288 3456 gignitum
1316 3375 1354 3430 ut

184 3475 321 3540 habelur
352 3477 522 3572 Numeror.
551 3480 604 3544 all
628 3549 631 3556 ,
654 3481 757 3545 Sexto
796 3480 913 3552 dieitur
943 3479 1119 3562 inaquosa,
1154 3478 1231 3561 quia
1262 3481 1352 3557 opaea
1408 3494 1424 3538 ,·
1479 3493 1484 3502 ·

185 3581 290 3662 aquis,
303 3589 338 3644 el
357 3583 387 3644 al
409 3583 514 3667 aquae
527 3584 657 3669 aliquae
676 3589 709 3650 in
730 3578 990 3668 profundioribus
1005 3583 1215 3671 reperiuntur,
1236 3578 1353 3662 plenae

185 3694 261 3748 sunl
281 3685 447 3776 vermibus
470 3696 502 3751 et
522 3690 687 3774 putridae,
722 3691 796 3754 ideo
824 3700 909 3754 terra
941 3690 1014 3753 silis
1045 3688 1172 3752 dieitur.
1215 3683 1252 3746 Si
1272 3700 1352 3746 vero
1417 3757 1421 3762 Ι
1486 3735 1489 3742 .

181 3789 217 3852 iu
237 3790 334 3872 plano
354 3783 460 3873 aquae
479 3803 557 3858 suut
584 3797 755 3882 exaliqua
781 3796 1000 3878 emanatione,
1039 3790 1252 3875 plena'es'unl
1278 3803 1352 3872 ser-¹¹

184 3896 345 3980 pentibus,
367 3897 397 3960 si
424 3897 536 3963 duleas
556 3910 646 3985 sunl3
670 3904 699 3988 si
726 3919 855 3990 amarae
876 3909 951 3965 eunt
972 3897 1174 3982 impotabiles
1195 3895 1350 3958 existunt.

184 3997 388 4084 Quandoque
420 3998 504 4068 enim
535 4005 632 4082 uallis
661 4006 770 4092 aliqua
802 4008 965 4070 humorem
998 3991 1041 4066 ex'
1068 4002 1250 4084 semetipsa
1274 3998 1353 4082 gig·

67 4175 71 4183 ,
119 4179 122 4184 ,
184 4106 252 4188 nil,
273 4106 333 4170 sed
372 4109 457 4172 iuter
497 4113 705 4194 semetipsum
745 4129 830 4174 enm·
850 4119 972 4196 serval,
1000 4101 1178 4192 'paludem
1214 4103 1352 4188 prolun-

160 4213 258 4277 dam
289 4214 367 4278 iaolt
401 4195 433 4278 el
470 4219 503 4280 in
543 4219 594 4281 lris
629 4217 812 4300 paludibus.
839 4207 1088 4299 pertan'seunres
1104 4193 1360 4297 periclitantur..

127 4324 137 4333 ·’
185 4319 236 4382 Ex
258 4319 387 4387 delaolu
409 4329 514 4405 aquae
535 4339 635 4406 saepe
656 4330 934 4389 murmuraverunt
954 4318 1134 4403 liliilsrael,
1156 4311 1215 4381 sod
1237 4325 1270 4388 al
1290 4324 1352 4388 uos
