3132 5206
725 289 768 354 tt

157 454 586 538 nommotm‘tiolnonooha.
608 469 673 532 nto
694 468 778 552 lons,
800 476 836 532 ut
862 467 939 548 dixi,
957 485 1022 533 non
1042 467 1149 535 affluit
1169 472 1329 555 supernis,

156 574 218 637 sod
246 591 306 656 par
332 573 493 638 oooultum
519 583 626 638 tortas
647 582 786 638 meatum
806 572 1047 636 llraoonltitlom
1068 576 1231 656 regionem
1251 595 1329 658 por·
1423 562 1442 592 ⁵

158 679 277 741 transit
297 685 331 740 et
349 677 384 739 in
404 677 488 760 petle
508 676 625 740 libani
647 678 764 740 montis
784 677 907 740 sontem
929 688 1132 742 emanantem
1153 679 1245 762 iacit,
1273 682 1329 763 qui

158 781 234 844 lons
263 780 381 844 dicitur
407 783 494 844 Dan.
536 783 580 868 Et
610 782 697 866 quod
725 781 767 844 da
793 782 883 845 ionto
908 780 1071 863 Magadan
1098 783 1218 847 oriatur
1244 783 1328 864 Dan,

158 884 297 968 probunt
317 903 377 967 par
396 885 527 968 palsas,
547 904 630 968 quas
654 888 689 950 in
711 887 832 950 iontem
852 884 1017 969 Magadau
1039 885 1224 970 offundunt,
1245 904 1329 970 quaa

160 988 299 1052 affluunt
326 1007 385 1071 par
405 989 527 1052 fontano
547 989 632 1053 Dan.
660 990 705 1054 ltt
725 999 802 1054 suut
818 990 866 1053 illl
880 988 944 1052 tluo
963 989 1071 1052 loutos
1084 1008 1105 1053 a
1118 1009 1156 1054 so
1170 991 1329 1053 distantes

160 1111 221 1155 sax
248 1092 389 1156 millibus
411 1093 599 1158 stadiorum.
642 1095 779 1158 Fontem
808 1113 888 1158 varo
908 1095 970 1157 Jor
995 1093 1106 1159 (liount
1132 1095 1329 1179 originaliter

158 1199 218 1279 po'r
237 1199 399 1282 gurgitem
419 1199 665 1262 subterraneum
685 1201 805 1264 habero
826 1216 929 1284 aquas
951 1218 995 1263 ox
1015 1199 1114 1262 fluvio
1133 1200 1211 1284 ,alio
1231 1217 1344 1281 para-·

125 1355 131 1369 ,
161 1301 223 1364 disi
230 1345 242 1384 ‚
268 1302 325 1383 qui
344 1300 460 1364 (licitur
480 1303 611 1385 'l'ygris
654 1304 699 1365 Hi
719 1304 784 1367 (luo
805 1304 931 1387 ionias,
960 1303 1021 1368 Jor
1042 1312 1075 1366 at
1096 1303 1188 1384 Dan,
1216 1301 1329 1385 prooul

160 1405 200 1468 ub
228 1405 369 1470 invioom
395 1415 546 1469 emanant
572 1408 606 1469 iu
633 1407 717 1490 podo
742 1411 861 1472 montis
880 1409 1013 1491 Libani,
1045 1416 1078 1471 ot
1107 1407 1275 1472 confluunt
1296 1409 1329 1469 in

159 1527 259 1574 unum
286 1518 363 1572 anto
389 1518 514 1590 portam
542 1511 700 1596 civitatis,
729 1531 814 1596 qnao
844 1514 976 1597 antiquo
1004 1513 1133 1576 nomino
1162 1511 1330 1575 dioobator

158 1614 297 1696 Inachis,
323 1622 357 1675 et
384 1614 422 1676 fit
441 1632 525 1678 unus
554 1617 672 1680 lluvius
700 1616 834 1682 Jordan.
884 1616 936 1700 llo
955 1617 1018 1680 hoo
1039 1617 1176 1680 olvituto
1206 1613 1327 1677 hauhis
1429 1636 1432 1644 ·

18 1737 19 1750 t
159 1719 317 1780 habemus
335 1717 410 1781 Joh.
436 1719 487 1786 to.
510 1728 543 1783 ot
563 1720 718 1785 Judioum
741 1723 808 1806 18„
841 1721 927 1805 quod
950 1715 1009 1784 lilii
1030 1721 1103 1784 Dan
1125 1719 1329 1784 invenientes

159 1822 304 1905 quietam
324 1831 358 1884 ot
378 1823 562 1905 opulentam
584 1835 740 1913 oeperunt
761 1845 833 1892 uam
854 1837 887 1890 ot
907 1828 1171 1907 oombusseront,
1198 1829 1233 1886 at
1253 1829 1329 1906 post

18 1941 20 1964 ¹
159 1927 243 1988 liaeo
271 1943 342 1988 eam
371 1927 660 1994 reaedificaverunt
667 1974 678 2014 ,
706 1932 821 1996 datrtos
849 1933 881 1996 oi
908 1950 1026 1996 nomon
1047 1931 1149 2014 patris
1170 1927 1223 1991 sui
1243 1926 1327 1989 Dan.

159 2029 204 2092 Et
224 2039 296 2094 orat
316 2033 434 2094 oivitas
454 2033 566 2098 ultima
587 2044 693 2099 torrae
712 2046 847 2099 sanotae
866 2035 909 2100 ad
930 2035 1124 2119 aquilonem.
1168 2031 1224 2094 Ad
1243 2030 1329 2093 hano

159 2134 327 2199 civitatem
356 2135 418 2200 luit
442 2139 583 2222 positum
608 2140 728 2203 idolum
754 2140 924 2222 Micheas,
954 2148 991 2202 ut
1016 2139 1155 2200 habetur
1174 2133 1328 2197 Judioum
1403 2130 1415 2149 ⁸

161 2241 211 2304 ts
240 2259 298 2323 por
327 2249 438 2305 totum.
476 2241 811 2326 §mosterolum
840 2264 899 2308 rox
926 2242 1046 2322 lsrael,
1073 2239 1182 2323 posuit
1202 2237 1236 2300 in
1257 2254 1329 2299 oam

159 2362 259 2408 uuum
280 2343 322 2408 do
342 2347 456 2410 vitulis
472 2349 590 2431 aureis,
613 2358 647 2412 ot
663 2348 772 2432 jussit,
794 2355 832 2412 ut
852 2347 991 2431 populna
1012 2363 1086 2408 anm
1108 2342 1271 2424 adorarat,
1291 2347 1330 2404 nt

159 2448 296 2514 mootur
319 2449 351 2513 i
372 2448 455 2534 llag.
479 2453 529 2515 ta
557 2452 637 2516 Post
657 2453 790 2516 multum
812 2453 964 2537 temporis
988 2450 1159 2532 Philippus
1180 2449 1330 2510 lturaoao

160 2562 194 2618 at
213 2555 442 2618 Draoouitioao
463 2558 640 2640 tetrarcha,
662 2559 844 2624 nominavit.
861 2577 933 2621 oam
964 2555 1144 2636 Caosarea,
1166 2551 1206 2615 ob
1229 2569 1329 2614 rovo-

160 2661 302 2724 routiam.
318 2657 481 2723 Caesaris.
523 2661 566 2725 ltlt
585 2661 659 2725 idao
689 2662 804 2726 Matth.
830 2663 881 2728 to·
914 2660 1031 2725 tlioitur
1057 2657 1222 2722 Caosaroa
1248 2655 1329 2717 Phi-

159 2764 250 2848 lippi.
283 2765 379 2828 llano
399 2775 513 2848 postea
535 2764 655 2830 Graeoi
676 2767 885 2830 nominabant
902 2766 1039 2827 Paneas.
1062 2759 1130 2824 Sed
1150 2758 1247 2822 hodio
1267 2775 1329 2820 noo

158 2870 298 2951 haohia,
319 2887 381 2932 noo
399 2869 491 2952 Dan,
512 2888 575 2935 noo
596 2870 760 2934 cassaret
766 2912 777 2952 ,
797 2887 859 2933 noo
877 2869 1007 2932 Paneas
1030 2865 1163 2946 dicitur,
1180 2860 1241 2926 sad
1261 2861 1329 2924 lla-

159 2973 254 3038 lanas
277 2974 465 3058 appellatur.

242 3077 304 3142 Jor
324 3079 421 3162 igitur
443 3099 516 3145 oum
538 3080 611 3143 Dan
634 3088 711 3142 anto
731 3086 855 3162 portam
880 3075 978 3159 hujus
1008 3072 1151 3136 oivltatia
1172 3079 1329 3135 ooountos

159 3184 294 3246 fluvium
326 3183 503 3250 Jordanom
518 3240 527 3249 .
541 3185 680 3266 iaciunt,
721 3184 778 3268 qui
809 3189 1048 3264 consequenter
1078 3175 1237 3244 recedens
1270 3195 1329 3258 por
1441 3231 1449 3249 ,

160 3286 293 3372 longum
314 3300 348 3353 ot
367 3291 530 3375 obliquum
549 3291 718 3354 circuitum
740 3287 856 3352 dividit
876 3288 1016 3350 lturaaur
1038 3292 1071 3346 ot
1089 3280 1328 3346 Draoonititlarn

160 3395 329 3477 regiones,
379 3402 413 3457 at
453 3394 572 3459 deindo
626 3393 788 3478 quandam
837 3391 956 3455 vallam
1005 3387 1146 3471 inuidit,
1192 3390 1226 3449 in
1265 3401 1329 3471 qua

158 3505 313 3580 stagnum
346 3499 523 3583 colligitur,
556 3500 643 3584 quod
674 3507 823 3582 stagnum
856 3495 975 3559 tlioitur
996 3492 1037 3555 ad
1059 3511 1161 3577 aquas
1191 3494 1328 3574 Morom,

158 3605 214 3668 ubi
234 3601 340 3667 Josua
360 3605 535 3688 prostravit
554 3603 637 3665 XIV
658 3619 771 3684 rogos,
793 3609 829 3662 ut
848 3599 986 3662 habetur
1006 3596 1135 3659 Josuao
1156 3594 1214 3656 xl.
1257 3594 1330 3654 Hoo

158 3719 311 3793 stagnum
339 3719 484 3792 tempora
516 3707 645 3772 hiemali
667 3706 703 3769 nt
735 3721 904 3787 magnum,
936 3701 996 3764 sotl
1025 3708 1171 3781 tempora
1202 3697 1329 3760 aestivo
1377 3717 1383 3736 ·

158 3816 343 3880 axsiooatur
363 3831 458 3898 aqua,
480 3820 515 3875 ot
536 3821 688 3874 oreaount
707 3810 752 3874 ibi
773 3810 905 3872 arbusta
926 3815 959 3869 ot
981 3805 1117 3868 lrutioos
1138 3803 1271 3884 donsao,
1293 3803 1331 3863 ln

159 3921 279 4003 quinus
303 3919 430 3982 latitant
450 3917 564 3979 laouas
593 3923 625 3977 ot
645 3897 714 3979 ufai
740 3922 773 3977 at
793 3911 878 3976 aliaa
898 3910 1068 3974 silvestres
1091 3908 1225 3971 bustiae.

251 4024 390 4086 Domum
416 4020 553 4084 ulterius
580 4018 756 4085 daourrons
776 4019 860 4082 intur
895 4014 977 4078 duaa
997 4015 1149 4079 civitates
1183 4009 1335 4093 Caphar-t

165 4145 264 4192 naum
277 4135 321 4206 ,at
343 4124 517 4193 Chotauim
541 4124 621 4189 iacit
650 4121 754 4185 lacum
776 4123 1067 4204 ingontompmaro
1093 4114 1259 4180 Galilaauo
1277 4110 1346 4175 vel

162 4251 254 4298 maro
266 4230 471 4316 Tyberiatlia
492 4229 577 4293 siout
597 4225 733 4290 Manus
760 4223 838 4288 lacit
856 4224 963 4288 laourn
978 4219 1274 4284 constantiensem.
1293 4217 1332 4277 ln

163 4337 371 4404 ernamttato
388 4343 498 4402 autom
519 4332 618 4398 moria
640 4333 707 4399 exit
727 4331 768 4394 ab
796 4347 835 4392 oo
863 4337 897 4394 ot
916 4329 1001 4390 inter
1020 4333 1145 4386 montes
1176 4318 1277 4385 lsrael
1298 4325 1331 4380 ot
