3232 5218
668 300 735 364 209

113 481 328 548 fatuitatibus.
365 479 440 544 seo
469 491 518 544 est
555 483 608 546 irie
636 483 723 546 eirea
752 481 848 546 linem
880 483 1145 550 considerandum
1153 531 1164 571 ‚
1197 489 1284 572 quod

113 591 197 652 sieut
219 607 285 651 non
306 596 437 672 propter
469 587 573 650 looum
598 595 745 672 gentem,
774 585 835 651 sed
859 599 989 671 propter
1020 601 1149 672 gentem
1179 593 1282 659 loeurn

113 692 213 776 elegit
244 692 423 776 Dominus,
457 699 494 754 nt
515 692 632 756 dieitur
659 693 681 757 2
711 693 857 755 lllaoeab.
891 694 956 776 V.;
977 696 1027 758 sio
1057 716 1120 759 non
1154 709 1285 782 propter

114 798 282 862 divitatem
315 796 487 883 ternplum,
521 797 583 860 sed
612 807 743 881 propter
783 796 937 881 templum
975 799 1139 865 civitatem
1184 803 1285 888 elegit

114 902 283 966 Dominus.
328 902 454 966 ideireo
475 919 563 966 nuno
582 900 624 963 de
645 901 775 985 templis
796 901 955 986 agendum
978 906 1049 967 erit.

204 1244 264 1321 De
289 1243 425 1344 templo
446 1241 613 1335 Domini,
649 1244 744 1344 quod
767 1244 899 1320 dieitur
922 1243 1131 1358 Salomonis
1163 1257 1202 1325 et

477 1363 692 1441 Halaehibis
725 1373 764 1442 et
789 1363 934 1441 Bethel.

201 1575 331 1642 Civitas
349 1577 531 1641 Jerusalem
552 1579 696 1662 gloriosa
716 1587 750 1642 et
780 1589 896 1642 saneta
916 1589 967 1644 est
1005 1599 1047 1644 ex
1072 1581 1218 1666 templis,
1245 1583 1286 1646 de
1331 1561 1339 1572 ⁴

118 1681 234 1765 quibus
250 1683 347 1746 etiarn
363 1682 505 1746 redditur
527 1684 629 1767 major
645 1687 678 1749 in
695 1699 810 1768 magna
821 1687 1009 1769 quantitate.
1027 1685 1172 1752 Sublatis
1190 1689 1285 1752 etiam

118 1806 160 1851 ex
180 1805 220 1849 ea
245 1787 370 1851 duobus
392 1789 524 1873 templis
544 1808 617 1852 eum
640 1791 852 1852 attinentibus
873 1791 1008 1872 capellis
1035 1800 1069 1855 et
1090 1795 1286 1876 muscbheis‚

12 1963 18 1990 ,
117 1893 199 1955 nihil
221 1902 402 1956 remaneret
418 1895 482 1956 nisi
504 1893 572 1956 vile
592 1893 760 1978 oppidum,
782 1894 982 1976 quodetiam
1004 1898 1038 1960 in
1059 1900 1179 1961 nostris
1202 1899 1287 1963 eivi-

118 1997 238 2097 tatibus
259 2008 321 2060 est.
363 1997 530 2060 Tollantur
555 1998 731 2080 eeclesiae,
756 2000 952 2061 monasteria
985 2010 1017 2063 et
1047 2003 1193 2084 capellae
1213 2021 1287 2066 eum

118 2101 299 2166 attinentiis
321 2101 530 2186 decoloria,
554 2104 729 2165 remanebit
756 2103 871 2164 civitas
893 2121 1006 2184 parva.
1039 2105 1097 2168 Sie
1117 2116 1150 2169 et
1171 2107 1286 2168 Vene-

60 2233 63 2236 ·
119 2207 189 2269 tiis:
224 2208 254 2268 si
286 2207 476 2271 tollerentur
514 2208 709 2270 monasteria
746 2215 781 2268 et
813 2206 988 2290 eeclesiae,
1029 2227 1094 2272 ιιοιι
1135 2227 1286 2294 magnum

12 2369 13 2374 ,
119 2320 300 2374 remaneret
322 2312 482 2396 oppidum.

202 2478 254 2541 De
286 2478 416 2560 templis
454 2497 532 2562 ergo
569 2477 875 2562 Hierosolymitanis
909 2477 1074 2544 locuturus
1104 2482 1206 2564 primo
1247 2481 1289 2546 de

119 2583 288 2648 vetustiori
309 2586 371 2647 erit
393 2583 574 2653 dicendum.
618 2582 747 2649 Seianus
769 2603 811 2647 ex
831 2585 933 2647 saeris
952 2584 1085 2669 litteris,
1108 2587 1288 2670 quodcum

119 2688 281 2754 Dominus
304 2698 421 2752 terram
446 2687 579 2752 Carraan
600 2691 801 2773 promitteret
822 2691 967 2772 patribus
987 2694 1118 2774 nostris,
1140 2693 1288 2755 insinua-

12 2821 14 2834 ·
120 2797 180 2878 vit,
194 2813 270 2857 esso
291 2796 325 2856 in
346 2804 432 2857 terra
452 2793 509 2855 illa
530 2794 635 2858 loeum
659 2795 827 2892 quendam
841 2811 899 2876 pro
916 2796 1035 2877 templo
1057 2805 1089 2857 et
1110 2797 1289 2877 sacrifieiis,

121 2919 215 2984 quern
249 2898 412 2961 electurus
440 2899 501 2980 sit,
532 2907 564 2961 et
585 2901 634 2962 eis
654 2899 723 2982 (lt)
747 2918 807 2963 suo
839 2909 982 2981 tempore
1015 2899 1290 2962 demonstraturus

121 3023 195 3067 eum
217 3003 270 3065 sit.
313 3002 406 3066 Unde
437 3003 570 3068 Denter.
602 3004 694 3070 xit:
728 3003 809 3066 Cum
833 3005 973 3086 ingressi
1006 3004 1131 3066 fueritis
1160 3011 1289 3085 terram,
1384 3081 1392 3094 .

12 3107 14 3152 t
121 3125 220 3192 quam
243 3105 403 3169 Dominus
424 3107 513 3172 dabit
533 3109 646 3190 vobis,
667 3109 847 3171 subvertite
866 3108 973 3170 omnia
993 3106 1080 3170 idola
1102 3107 1142 3170 de
1163 3108 1291 3171 eunetis

121 3212 211 3276 loeis.
234 3211 306 3274 Vos
329 3221 522 3276 autemnon
544 3213 671 3278 iacietis
692 3214 725 3275 in
748 3215 875 3277 eunetis
896 3212 976 3282 locis
997 3211 1110 3276 altaria
1131 3225 1163 3276 et
1185 3214 1291 3277 sacri-

122 3317 214 3398 beia,
239 3313 299 3378 sed
321 3314 363 3377 ad
389 3316 513 3399 locum,
534 3335 631 3400 quem
654 3318 791 3401 elegerit
813 3318 971 3381 Dominus
994 3317 1085 3380 Deus
1106 3329 1233 3400 vester,
1255 3326 1292 3380 ut

121 3439 239 3482 nomen
282 3438 377 3484 suurn
415 3421 460 3484 ibi
501 3421 641 3503 habitet,
678 3432 711 3486 et
750 3424 892 3485 veniatis
925 3431 957 3484 et
995 3421 1138 3485 offeratis
1163 3426 1195 3486 in
1237 3423 1313 3497 illo¹

121 3523 314 3589 holocausta
351 3531 386 3587 et
417 3531 496 3587 vota
535 3535 655 3588 vestra.
710 3525 819 3609 Cave,
861 3531 903 3588 rr'e
943 3525 1062 3589 olieras
1102 3528 1293 3591 holocausta

121 3636 181 3692 tua
206 3632 347 3695 inomni
378 3631 460 3713 loeo,
483 3628 543 3690 sed
566 3637 688 3694 tantum
711 3635 745 3693 in
768 3651 823 3713 eo,
851 3650 946 3714 quem
969 3631 1102 3713 elegerit
1123 3632 1292 3715 Dominus,

121 3734 274 3798 edilium
296 3753 414 3819 perges
437 3752 511 3797 eum
532 3737 682 3817 primitiis
704 3745 738 3798 et
758 3734 892 3798 decimis
912 3735 994 3817 tuis,
1023 3743 1057 3796 et
1084 3737 1128 3799 ibi
1155 3737 1294 3800 eonfite-

119 3839 209 3902 beris
241 3857 348 3902 eoram
382 3839 521 3902 Domino
551 3841 625 3903 Deo
654 3849 720 3903 tuo.
764 3842 856 3903 liaeo
877 3839 933 3906 ibi.
976 3839 1038 3901 Ubi
1071 3848 1178 3902 autem
1201 3840 1293 3904 loeus

121 3943 180 4005 ille
201 3953 300 4026 esset,
327 3944 485 4008 Dominus
507 3961 571 4006 non
594 3943 827 4009 demonstravit
853 3963 957 4027 nsque
978 3942 1020 4005 ad
1040 3943 1150 4008 David
1172 3963 1294 4027 regem,

122 4049 176 4111 eni
187 4068 246 4132 per
264 4049 428 4132 Angelum
442 4048 662 4112 demonstrata
680 4049 740 4111 luit
757 4049 1122 4113 areuArnanJebusaei
1137 4053 1170 4111 in
1188 4057 1296 4111 monte

120 4150 249 4233 blorija.
294 4154 359 4216 iiie
385 4154 498 4217 Arnen
535 4161 604 4216 erat
624 4155 759 4236 gentilis
779 4154 985 4236 Jebusaeus,
1008 4154 1119 4236 dives,
1148 4163 1181 4216 et
1203 4171 1296 4235 mag-

121 4271 200 4317 nam
221 4264 344 4338 partem
377 4259 520 4322 civitatis
550 4257 749 4341 possidebat.
791 4258 899 4322 David
925 4279 1003 4342 ergo
1031 4277 1136 4321 aream
1161 4257 1296 4320 demon-

121 4367 258 4422 stratam
281 4362 345 4424 sibi
376 4365 452 4427 emit
474 4366 515 4426 ab
547 4380 586 4424 eo
623 4372 654 4425 et
676 4362 778 4424 altare
807 4363 851 4426 ibi
877 4362 974 4443 jussu
995 4361 1115 4445 Angeli
1136 4362 1239 4422 erexit
1265 4365 1299 4419 et

1027 4460 1060 4516 ll
