3202 5218
857 313 924 378 506

306 496 465 576 coelem
487 495 712 578 aedificarent,
736 513 799 557 uon
829 495 924 558 debet
945 493 1053 558 fidelis
1074 495 1298 559 contribuere
1328 493 1371 556 ad
1393 493 1499 558 aedili-

310 603 471 666 caticuem
494 601 654 665 ecclesiae
675 600 962 664 schismaticorum.
1005 599 1160 688 Proque
1183 600 1334 662 recitare
1357 599 1502 662 convenit

310 707 385 783 boc,
399 705 484 788 quod
506 705 583 769 milti
605 722 690 767 nnnc
703 705 875 786 praeterito
897 705 1066 786 contingit.
1099 705 1140 766 ln
1165 704 1260 766 festo
1278 703 1317 766 S.
1334 703 1500 766 Michaelis

264 834 267 840 ·
309 807 384 872 dum
415 819 535 873 starem
556 809 671 874 Ulmae
699 817 731 870 et
761 808 879 892 populo
910 809 943 873 in
966 809 1108 872 ecclesie
1138 807 1398 891 praedicarem,
1418 810 1502 870 venit

312 911 443 996 qulda'rn
465 914 525 978 snb
547 919 698 978 sermone
719 912 861 976 offerens
882 913 958 976 mihi
980 912 1110 995 bullam,
1131 921 1276 994 petens·
1289 930 1366 976 eam
1387 912 1501 995 populo

307 1018 388 1102 legi,
412 1021 496 1082 elcut
530 1020 591 1082 sub
605 1009 721 1081 'officio
751 1016 840 1080 lecta
870 1010 902 1080 et
923 1019 1129 1100 pronuntiata
1152 1016 1272 1080 fuerat
1295 1017 1332 1079 in
1365 1014 1502 1078 ecclesia

216 1133 220 1143 ¹
307 1111 493 1206 parochiali.
538 1123 619 1186 lllrat
648 1131 755 1185 autem
789 1121 896 1184 littera
924 1121 1077 1204 grandis,
1098 1139 1176 1184 cnm
1216 1119 1367 1184 solemni
1400 1118 1502 1202 sigillo

308 1227 428 1292 domini
455 1227 656 1312 patriarchae
676 1225 901 1309 Alexandrini,
923 1227 978 1308 qui
1000 1225 1214 1290 residentiam
1238 1219 1376 1288 Romae
1400 1224 1502 1306 babet,

307 1340 341 1394 ot
363 1331 435 1413 'ejne
456 1341 548 1420 tenor
569 1340 650 1414 erat,
672 1329 757 1414 quod
785 1330 926 1394 ccclesia
945 1339 1082 1394 sauctae
1103 1329 1322 1393 Catbarinae
1343 1330 1380 1392 in
1400 1336 1502 1392 monte

307 1435 412 1520 Syriai
436 1435 598 1520 indigeret
619 1436 866 1517 restauratione,
888 1433 1044 1518 adquam
1066 1433 1213 1516 populns
1239 1433 1383 1496 deberet
1404 1431 1501 1514 magia

309 1542 475 1624 porrigere
509 1540 686 1623 adjutrices
715 1547 749 1632 et
770 1538 834 1602 hcc
865 1538 1058 1602 facientibus
1080 1537 1249 1600 dabantur
1280 1536 1501 1620 indulgentiae

308 1645 376 1726 (b)
392 1645 552 1728 copiosae.
596 1645 711 1708 Stabat
732 1652 838 1705 autem
861 1642 946 1706 lator
967 1644 1110 1726 litterae,
1128 1642 1325 1707 monachus
1355 1659 1498 1726 gnecua,

308 1765 423 1829 senen,
432 1747 527 1828 juxta
550 1748 652 1811 altaro
666 1755 801 1812 sanctae
823 1748 930 1812 crucis
944 1767 1044 1832 prope
1066 1747 1243 1810 ambonem
1267 1749 1304 1812 iu
1323 1747 1414 1810 facie
1434 1759 1498 1807 mea

306 1859 342 1914 et
364 1852 535 1936 reliqnarla
566 1868 627 1915 sua
660 1847 853 1936 exposceret
879 1869 952 1914 cnm
975 1854 1173 1916 curamentis
1208 1861 1246 1915 et
1271 1851 1425 1916 candella
1444 1865 1497 1910 ao-

309 1957 429 2040 censia,
449 1957 482 2020 iu
500 1956 593 2021 altari
613 1965 705 2019 atana
720 1964 851 2038 paratus
864 1955 1018 2039 colligere
1031 1960 1188 2039 pecunias
1212 1966 1251 2020 et
1269 1955 1417 2040 populna
1435 1959 1497 2014 erat

307 2061 452 2124 intentus
473 2062 507 2124 in
529 2081 581 2125 mo
603 2071 636 2125 ot
654 2061 687 2148 in
710 2081 794 2124 oum.
824 2060 996 2124 Praelecta
1022 2061 1131 2125 littera
1151 2061 1222 2126 dixi
1247 2061 1376 2146 populo
1398 2056 1494 2141 plania

307 2166 437 2230 verbis:
459 2167 558 2251 Ecce,
574 2167 628 2230 bic
648 2173 719 2228 stat
737 2183 821 2228 nnus
843 2165 942 2228 irater
957 2167 1075 2229 montis
1087 2166 1203 2249 Synal,
1223 2165 1271 2229 de
1288 2163 1494 2239 sanctissino

307 2269 392 2353 lcco,
414 2270 448 2333 in
482 2288 545 2354 quo
565 2271 626 2354 lui,
648 2279 682 2332 et
703 2271 782 2353 petit
811 2268 853 2332 ad
882 2271 1147 2334 restaurationem
1169 2273 1344 2336 ecelesiae
1364 2275 1493 2331 unctae

308 2373 505 2438 catharinae
550 2384 584 2437 et
623 2373 899 2438 contribuentibua
943 2377 1171 2456 promittuntur
1217 2373 1491 2459 indulgentiaea

308 2479 490 2560 patriarcba
510 2478 751 2560 Alexandrin03
774 2479 837 2541 hcc
869 2478 979 2543 hortor
1010 2499 1072 2544 vos
1103 2482 1136 2543 in
1158 2483 1328 2563 Domlno‚
1352 2486 1388 2540 ut
1417 2469 1487 2536 nibil

309 2581 394 2645 detis
424 2581 471 2645 illi
494 2583 603 2666 fratri,
626 2585 702 2666 quia
725 2592 776 2646 est
808 2583 1263 2668 manutenementum
1286 2596 1320 2646 et
1344 2577 1488 2656 infidelis,

309 2703 371 2750 uec
391 2685 522 2752 deberet
536 2688 667 2782 'admitti
688 2687 729 2751 ad
751 2687 909 2750 ecclosias
930 2697 1068 2770 nostras,
1085 2703 1147 2752 nec
1168 2691 1338 2752 interesse
1359 2681 1485 2758 divinis,

308 2807 382 2853 cum
404 2791 447 2853 sit
475 2795 776 2858 anathematizatus.
818 2792 971 2856 Secundo
999 2793 1119 2856 nullam
1148 2796 1327 2876 pecuniam
1356 2790 1432 2854 date
1450 2779 1486 2843 ad

305 2897 574 2962 restaurationem
596 2898 758 2963 ecclesiae
780 2895 816 2966 S.
839 2895 1052 2982 catharinae,
1074 2899 1203 2961 etiamsi
1234 2901 1366 2963 ruinam
1388 2892 1486 2955 mina·

310 3009 406 3083 retur,
428 3002 512 3084 quod
537 3013 644 3068 tamon
666 3023 729 3068 uon
751 3010 812 3085 ost,
834 3019 907 3066 cum
931 3003 975 3065 ait
1002 3005 1227 3086 integerrima3
1250 3023 1329 3066 nam
1352 2989 1485 3061 eooldi·

309 3103 365 3166 llla
379 3105 496 3185 Rhodie,
518 3108 591 3190 heu,
614 3128 677 3171 non
699 3116 749 3170 ost
780 3107 951 3190 catholica,
970 3106 1030 3170 eed
1052 3107 1219 3171 haeretica
1240 3118 1276 3172 et
1297 3095 1428 3169 liatirria
1447 3091 1483 3154 de

310 3225 441 3271 romana
463 3211 604 3274 ecclesia
636 3213 680 3275 ibi
707 3211 922 3274 existentibus
943 3230 1007 3275 non
1041 3220 1093 3273 est
1114 3210 1207 3275 leons
1237 3213 1272 3274 ln
1295 3206 1408 3272 eadem
1430 3213 1482 3259 οῦ·

307 3309 410 3374 etesia
438 3330 500 3376 nec
522 3315 726 3396 celebrandi,
754 3333 816 3377 nec
847 3315 958 3395 officia
984 3333 1048 3384 ¹suu
1080 3315 1273 3399 peragendi,
1297 3317 1363 3378 imo
1394 3301 1481 3370 nobis

308 3417 492 3497 petentibus
521 3435 583 3480 nec
614 3418 711 3481 lectio
743 3437 805 3480 uec
837 3427 953 3496 cantus
984 3419 1020 3482 llt
1051 3421 1092 3482 ab
1119 3422 1168 3484 eia
1199 3421 1233 3483 in
1254 3419 1312 3482 illa
1334 3407 1477 3481 sectatu

306 3521 381 3602 quir
403 3523 712 3584 excommunicatam
735 3520 907 3585 ecclesiam
927 3540 1090 3586 romanam
1112 3533 1232 3588 tenent.
1268 3524 1349 3588 ldeo
1370 3511 1476 3578 dimit-

307 3632 413 3687 tamus
435 3623 521 3690 illam
545 3643 649 3696 ruere.
689 3623 875 3690 'l'ertic'ille
895 3625 1044 3692 domiuus
1064 3630 1246 3712 patriarcba
1268 3628 1353 3692 dans
1373 3611 1473 3684 indal-

292 3731 436 3810 -gentias
458 3731 500 3794 ad
522 3732 610 3795 illam
638 3731 810 3795 ecclesiam
844 3731 898 3796 vel
920 3748 985 3796 non
1007 3734 1068 3796 fuit
1090 3735 1172 3796 bene
1202 3734 1394 3798 internatus
1424 3712 1472 3782 vel

305 3831 413 3896 littera
435 3844 485 3897 est
508 3836 709 3920 subreptitia,
741 3826 826 3922 qued
849 3839 953 3921 magis
974 3836 1087 3920 credo,
1110 3857 1174 3901 non
1193 3839 1277 3901 euim
1303 3835 1399 3900 debet
1418 3839 1469 3886 ⁰⁸·

307 3935 446 4000 thelicus
468 3941 640 4023 episcopus
657 3942 734 4005 dare
751 3941 982 4024 indulgentiam
1006 3942 1046 4006 ad
1069 3959 1164 4008 unam
1180 3939 1473 4006 anathematizatam

305 4040 496 4124 ecclesium,
525 4061 600 4106 nam
632 4046 782 4109 monachi
809 4045 898 4109 illius
928 4049 1125 4111 monasterii.
1145 4049 1265 4111 habeut
1294 4049 1328 4109 in
1360 4038 1472 4106 oriente

305 4145 456 4209 abbatem
478 4147 533 4210 vel
556 4147 781 4232 patriarcham,
804 4150 856 4214 cui
889 4152 1051 4234 obediunt,
1073 4171 1135 4217 nec
1155 4152 1261 4235 illum,
1284 4152 1340 4235 qul
1361 4144 1473 4210 llam⁸0

304 4251 448 4336 residet,
475 4261 609 4335 curant,
633 4252 736 4315 solum
772 4255 855 4318 enim
894 4257 1020 4320 titulum
1042 4257 1139 4320 babet
1163 4267 1194 4320 et
1219 4266 1270 4321 eat
1302 4239 1471 4339 patriarch·

305 4356 567 4440 Alexandrinus,
600 4366 708 4421 tamen
730 4357 959 4425 Alexandriam
994 4379 1165 4446 numquam
1188 4359 1287 4444 vidit,
1308 4376 1369 4423 uec
1399 4351 1472 4414 torte
