3202 5218
845 295 910 361 Μ

295 501 408 552 sumus
429 501 488 567 par
507 495 642 565 parvum
658 475 819 562 oninium,
833 495 918 562 quae
938 485 1004 542 stat
1022 476 1063 541 ad
1084 485 1194 560 eaput
1210 475 1306 541 ultori
1323 477 1476 542 aeclesiae

296 607 442 674 maguae.
487 587 711 650 Pavimenturu
739 579 815 662 (58
825 584 873 666 ο)
894 585 990 648 etiarn
1022 583 1110 647 illius
1141 582 1301 665 capellae
1324 581 1385 644 luit
1406 601 1477 664 pra-

297 698 390 760 tiosis
413 693 554 776 tapeziis
580 698 715 754 stratum
737 698 771 752 at
791 689 934 772 parietes
962 687 1157 751 tabulatnris
1182 685 1346 771 pretiosis
1367 695 1401 748 et
1421 706 1478 769 po-

296 799 364 864 litis
395 798 527 862 oiduoti
562 804 594 858 ot
628 793 738 858 multis
769 791 973 876 lampadibus
1003 801 1073 856 urst
1101 792 1278 856 illustrata
1311 800 1345 853 ot
1378 793 1478 854 omnia

296 910 389 968 arant
414 901 663 981 vallemala,
696 899 815 962 ‹iovota
836 908 868 961 et
896 881 1083 980 pnlohrain
1106 897 1175 960 hae
1208 893 1353 979 capella.
1397 895 1477 956 Nam

295 1009 341 1072 isi
372 1016 425 1070 ost
453 1006 560 1086 loeus,
592 1004 646 1066 ubi
677 1003 766 1066 stetit
798 1003 853 1066 ille
879 1001 1033 1066 mirabilis
1065 1005 1170 1066 rubus
1201 1001 1356 1084 Moysis,
1390 1013 1478 1082 quent

295 1110 377 1174 vidit
398 1109 512 1174 ardere
545 1118 580 1172 et
601 1110 747 1172 flammas
769 1126 812 1170 ex
840 1126 878 1170 eo
900 1108 932 1170 iu
954 1106 1051 1168 altum
1082 1123 1297 1189 consurgere
1320 1113 1479 1168 etlumen

296 1215 385 1280 nullo
418 1215 607 1278 laedebatur
638 1211 804 1294 triennio,
835 1221 870 1276 ut
905 1212 1040 1276 habetur
1065 1210 1173 1274 llxod.
1206 1211 1241 1276 3.
1287 1203 1479 1272 ‘mirabilior

296 1301 404 1384 tornea
427 1320 487 1382 tuit
512 1317 609 1400 hujus
630 1318 768 1382 visionis
797 1314 998 1399 adimpletio,
1040 1315 1173 1399 quiarrtlo
1208 1314 1345 1395 Maria,
1381 1311 1476 1374 rubus

294 1427 407 1509 utique
427 1425 548 1506 s’irons,
570 1425 688 1487 ilorous
710 1431 742 1484 et
763 1419 923 1502 redolens,
945 1420 1005 1484 luit
1025 1421 1233 1484 inflammata
1260 1429 1297 1483 ot
1317 1421 1480 1501 impraeg-

296 1539 373 1592 nata
393 1527 505 1591 divino
527 1529 618 1611 lgna,
647 1525 742 1608 oujus
764 1519 870 1602 tamen
892 1526 1063 1609 uirginitas
1084 1523 1213 1588 nullum
1251 1542 1359 1609 passa
1380 1521 1480 1584 ‹letri-

296 1641 449 1697 neutum.
510 1631 560 1694 Do
591 1633 654 1695 hao
691 1639 807 1692 suntote
854 1629 995 1692 ecelesia
1032 1632 1136 1692 canit:
1177 1627 1339 1711 Ruburu,
1386 1643 1477 1709 quero

296 1736 422 1800 viderat
443 1736 580 1817 Moyses
602 1735 835 1798 incombustum
858 1741 921 1795 eto.
957 1733 1054 1795 Hune
1075 1735 1294 1816 antiphonam
1318 1733 1417 1795 etiam
1437 1727 1478 1791 ibl

296 1842 499 1905 nuntiavimus
522 1849 555 1904 ot
577 1838 617 1902 ad
639 1839 743 1902 loouru
763 1839 833 1902 rubi
852 1838 998 1902 ‘inelinati
1021 1837 1172 1901 devotius
1193 1841 1310 1923 ipsum
1335 1837 1476 1900 deoscu-

297 1945 355 2009 lati
386 1963 501 2008 sumus
529 1955 563 2008 et
593 1943 811 2026 indulgentias
852 1943 1016 2026 plenariae
1048 1933 1257 2008 remissionis
1292 1943 1477 2023 aooopimus

297 2050 391 2134 (st).
415 2049 483 2115 Sub
506 2050 600 2113 altari
620 2050 715 2112 etiarn
739 2058 788 2111 est
802 2049 902 2131 loeus,
919 2049 974 2112 ubi
987 2049 1121 2112 stetisse
1133 2049 1285 2112 eraditur
1308 2047 1421 2126 rubus,
1445 2049 1476 2104 at

297 2157 331 2219 iu
353 2145 538 2239 pavimento
560 2163 610 2220 est
641 2154 759 2218 lamina
781 2152 823 2214 de
841 2152 1051 2236 aurichaloo,
1072 2156 1107 2216 in
1137 2173 1204 2238 qna
1226 2151 1399 2233 iusoulpta
1426 2151 1475 2208 ost

298 2252 402 2344 ligura
423 2261 494 2323 rubi
515 2260 708 2330 flommautis
730 2267 761 2320 et
779 2258 908 2340 Moysis
925 2257 1072 2321 sedentis
1100 2276 1206 2343 seque
1229 2251 1473 2322 discalceantis.

300 2365 408 2448 Sopor
428 2363 532 2427 looum
554 2362 674 2426 multae
694 2363 862 2445 lampades
885 2360 1044 2445 pendent,
1067 2365 1143 2447 quia
1161 2366 1195 2425 in
1220 2379 1348 2444 magna
1374 2372 1475 2418 vene·

299 2472 424 2532 rationo
445 2467 538 2532 loono
567 2467 624 2530 illa
645 2469 685 2533 ab
714 2470 861 2534 omnibus
893 2467 1038 2530 habetur.
1081 2467 1260 2531 Sarraceni
1284 2475 1321 2529 et
1349 2460 1474 2526 Arabes

300 2582 333 2636 et
365 2573 461 2636 ’l'uroi
491 2570 532 2636 ad
560 2573 648 2635 huno
675 2573 778 2636 loouuu
812 2579 927 2654 petunt
954 2569 1072 2655 magna
1103 2573 1262 2636 instantia
1293 2563 1420 2633 admitti
1440 2567 1471 2622 et

299 2677 433 2742 admissi
461 2679 589 2742 nonnisi
621 2678 717 2741 nutlis
743 2677 879 2762 pedibus
901 2677 1134 2760 ingrediuntur.
1175 2677 1301 2741 Jntlaei
1323 2669 1471 2738 libentis-

298 2783 382 2847 sime
401 2774 662 2867 ingrederentur,
684 2784 743 2847 sed
765 2803 827 2846 non
851 2784 1112 2845 intromittuntur.
1156 2780 1347 2864 Singularis
1370 2776 1469 2840 devo-

297 2889 397 2952 tionis
421 2898 472 2952 est
494 2888 549 2952 illa
570 2889 661 2952 loous
693 2890 840 2952 omnibus
861 2883 1059 2950 Christianis
1081 2887 1293 2951 orientalibus
1316 2894 1349 2948 et
1382 2875 1469 2943 ocoi·

301 2991 501 3075 dentalibus,
534 3011 639 3077 aquo
661 3003 767 3056 tamen
789 2991 962 3056 orientales
995 3009 1056 3054 nos
1091 2991 1314 3055 occidentales
1337 2999 1467 3050 excom·

302 3098 546 3160 munioaverunt
583 3097 691 3181 quoad
720 3098 864 3161 (livinum
886 3095 1028 3159 offloinm
1063 3105 1094 3159 et
1116 3097 1259 3179 Missas,
1295 3111 1362 3158 non
1384 3087 1466 3150 enlm

299 3197 475 3263 admittunt
509 3217 570 3262 nos
598 3201 639 3263 ad
670 3199 896 3264 celebrandum
930 3202 1053 3276 liiissas
1082 3203 1114 3261 in
1144 3187 1229 3264 dioto
1258 3200 1334 3266 looo
1365 3205 1464 3266 sauros

210 3303 213 3310 '
299 3303 375 3366 dum
395 3305 499 3366 altare
520 3304 665 3386 capellae
685 3304 772 3367 illius
797 3307 840 3368 sit
862 3305 1078 3387 Graecorum,
1101 3305 1156 3388 qui
1182 3323 1243 3368 nos
1263 3303 1356 3369 nullo
1376 3291 1465 3360 m⁰d⁰

298 3408 331 3472 in
353 3409 419 3470 aris
440 3427 552 3470 eorum
572 3407 737 3471 celebrare
770 3411 965 3491 permittunt.
1007 3408 1060 3471 Do
1079 3397 1142 3472 hoo
1163 3408 1243 3474 rubo
1265 3410 1347 3474 fauit
1375 3415 1463 3465 mon·

299 3513 416 3575 tionem
465 3510 623 3590 Dominus
667 3514 771 3576 ninoi
810 3515 880 3575 xii.
956 3513 1115 3597 Apparuit
1157 3525 1264 3579 autem
1308 3507 1462 3575 nominos

299 3616 410 3699 Moysi
441 3615 590 3699 inruho,
622 3635 665 3680 na
695 3615 815 3680 Judaei
845 3617 921 3681 inde
949 3618 1013 3682 sibi
1043 3619 1161 3683 idolum
1188 3615 1396 3702 sculperent,
1428 3610 1461 3667 ul

298 3720 377 3784 ‹lioit
397 3720 515 3804 glossa
530 3720 632 3785 [tuot.
652 3721 683 3786 3.
726 3723 785 3786 Est
808 3731 913 3786 autam
937 3724 1037 3787 rubus
1059 3723 1275 3786 ooudansitas
1302 3721 1461 3806 spinarum

299 3824 355 3887 vel
375 3823 469 3889 arbor
490 3826 623 3910 spinosa
644 3845 717 3891 oum
737 3828 846 3891 rubeis
871 3828 1045 3912 fructibus,
1064 3836 1183 3892 vocata
1203 3827 1368 3911 Hagtlorn.

380 3930 534 4014 Expediti
564 3932 597 3994 in
632 3932 758 4014 oapella
789 3932 858 3995 rubi
889 3933 922 3995 in
954 3933 1110 4016 capellam
1153 3933 1247 3998 aliam
1280 3931 1317 3995 S.
1349 3916 1458 3994 Jacob?

297 4035 510 4112 transivimus
531 4044 564 4099 at
584 4037 618 4098 in
639 4055 679 4100 ea
700 4037 899 4100 orationibus
921 4036 1016 4102 dietis
1037 4037 1256 4121 indulgentias
1283 4034 1458 4116 recepimus

299 4138 371 4221 st).
413 4139 465 4202 ns
485 4139 541 4203 illa
562 4141 687 4223 oapolla
709 4142 741 4203 in
764 4141 919 4224 capeliam
946 4140 981 4204 S.
1004 4143 1164 4225 Anthipiti
1183 4142 1324 4226 ingressi
1352 4143 1457 4203 sumu!

299 4253 332 4311 ot
344 4245 388 4307 ibi
403 4243 536 4308 adorato
544 4244 681 4308 Domino
701 4244 919 4328 indulgentias
936 4249 1118 4330 recepimus
1131 4247 1199 4329 (is).
1222 4247 1302 4312 Post
1313 4245 1396 4335 illam
1407 4238 1457 4300 in·

295 4351 405 4432 gressi
425 4367 538 4414 sumus
555 4349 712 4435 'oapallam
736 4350 770 4413 S.
791 4352 939 4434 llyrinao
958 4353 1112 4435 virginis,
1144 4354 1177 4417 iu
1199 4370 1263 4435 qua
1289 4353 1382 4416 otiam
1403 4355 1456 4426 ΡΝ
