3202 5218
722 391 786 458 545

182 574 224 639 ed
245 575 361 658 pellem
394 572 517 638 nudare
538 583 570 638 et
592 591 747 657 quaerere
768 584 801 636 et
822 591 895 636 cum
916 583 1075 637 tormento
1104 591 1214 638 eurum
1236 585 1346 639 extor-

184 697 292 762 quere.
333 681 461 742 Interea
483 697 543 741 nos
562 697 661 743 onera
681 678 875 741 camelorum
897 677 1024 760 dejecte
1045 678 1202 742 solvimus
1223 689 1256 740 ot
1278 681 1347 742 dis-

183 784 356 866 ligavimus
375 795 407 846 et
428 783 553 846 illorum
574 784 762 847 miserorum
786 801 838 846 res
859 781 1046 866 dispergere
1066 785 1261 866 incepimus,
1284 786 1348 866 ipsi

183 897 290 951 antem
313 888 443 950 stabant
464 905 538 950 cum
572 897 709 950 tremore
732 897 764 951 et
788 890 865 951 fletu
896 890 1116 971 respicientes.
1161 888 1244 951 Cum
1265 889 1349 950 haec

185 1002 368 1075 agerentur,
390 990 530 1054 occessit
551 1002 678 1055 secrete
699 992 742 1055 ad
763 991 911 1056 Celinnm
932 1010 1016 1057 unus
1038 990 1081 1055 de
1099 993 1164 1056 illis
1176 994 1349 1075 Arabibus,

186 1095 296 1176 quiin
318 1113 392 1158 sero
419 1092 644 1178 praecedentis
666 1096 729 1159 diei
757 1095 799 1158 ad
822 1115 882 1160 nos
904 1099 1120 1180 intraverant,
1153 1099 1267 1162 dicens
1287 1115 1349 1180 pe-

184 1197 311 1262 cuniam
342 1216 418 1262 esse
448 1201 627 1266 inventam.
671 1201 790 1265 Statim
821 1211 928 1265 autem
957 1199 1094 1266 Celinus
1123 1199 1289 1279 clamavit,
1311 1203 1349 1258 ut

185 1321 258 1366 curn
279 1321 362 1385 pace
383 1305 647 1391 procederemus,
677 1309 754 1391 quia
774 1325 886 1370 aurum
918 1307 1083 1370 inventum
1115 1313 1216 1372 esset.
1259 1297 1349 1364 lieo·

185 1411 306 1472 noratis
338 1417 445 1471 entem
476 1410 610 1473 cemelis
640 1411 859 1494 processimus
882 1418 915 1473 et
938 1411 1086 1473 dominus
1118 1411 1172 1474 ille
1193 1428 1211 1472 e
1234 1405 1349 1470 Celino

184 1512 354 1593 pecuniam
376 1513 541 1595 ecdipiens
573 1533 671 1578 unum
704 1515 854 1579 ducatum
875 1515 922 1577 illi
951 1516 1053 1578 Arebi
1085 1515 1228 1579 donavit.
1271 1511 1351 1573 Erat

185 1622 291 1677 eutem
318 1615 427 1679 Arabs
447 1617 503 1680 ille
521 1619 659 1701 simplex
681 1630 831 1704 aspectu,
852 1617 977 1684 vultum
997 1623 1131 1701 probum
1153 1617 1351 1702 praeferens,

187 1726 220 1779 et
248 1717 398 1780 dicebant
428 1719 483 1782 alii
503 1721 632 1786 Arabes
660 1723 702 1786 de
732 1744 788 1806 eo,
826 1722 911 1807 quod
942 1723 1079 1805 quodem
1112 1724 1175 1786 alio
1207 1730 1352 1802 tempore

186 1819 373 1882 thesaurum
393 1837 543 1902 magnum
564 1824 599 1896 in
621 1824 749 1889 deserto
771 1830 908 1910 reperit,
924 1829 979 1910 qui
1001 1828 1180 1911 ceciderat,
1212 1839 1352 1906 cumque

186 1927 257 1990 suis
279 1924 417 1988 dominis
439 1929 622 2007 reportavit.

269 2029 493 2092 Processimus
521 2048 599 2113 ergo
627 2050 686 2115 per
713 2049 861 2114 campum
894 2031 983 2094 illum
1013 2032 1286 2096 taediosissimum
1319 2037 1352 2089 et

187 2143 255 2198 tota
277 2134 330 2196 die
348 2135 383 2197 in
411 2134 642 2200 intensissimis
671 2135 831 2198 caloribus
862 2135 1146 2218 proficiscebamur
1174 2150 1278 2217 usque
1311 2129 1353 2192 ed

187 2240 267 2304 solis
289 2239 480 2305 occubitum.
526 2239 563 2301 ln
584 2238 723 2322 quodem
746 2257 824 2322 ergo
846 2240 935 2321 loco,
956 2240 1042 2304 dieto
1063 2239 1240 2319 lllail'rech,
1259 2237 1354 2320 juxte

188 2343 349 2427 publicam
382 2351 516 2406 stretem
551 2361 681 2407 manere
717 2343 938 2426 decrevimus,
972 2345 1118 2408 locantes
1153 2352 1259 2406 eutem
1281 2359 1353 2422 nos,

188 2449 328 2510 tentoria
348 2463 412 2508 non
444 2449 625 2531 ereximus,
656 2449 731 2531 quie
752 2448 844 2531 palos
865 2449 899 2510 in
921 2449 1112 2513 tenuissime
1132 2468 1232 2512 arene
1252 2448 1354 2530 figere

189 2569 254 2614 non
276 2551 437 2614 valuimus
458 2561 491 2614 et
522 2569 595 2617 cum
620 2553 683 2617 hoc
715 2550 851 2615 taediosi
874 2557 907 2615 et
929 2553 1007 2616 lassi
1036 2572 1182 2636 eremus,
1215 2569 1276 2615 nec
1298 2551 1354 2614 ille

189 2664 285 2718 nocte
306 2654 463 2736 coximus,
486 2657 563 2739 quie
585 2657 704 2720 nullam
727 2657 891 2719 materiem
913 2659 1068 2740 preigne
1089 2659 1237 2720 invenire
1258 2665 1353 2740 pote·

141 2774 146 2785 ·
189 2775 309 2822 ramus.
352 2757 452 2821 Porro
475 2756 611 2825 Celinus
633 2761 835 2846 praemonuit
853 2779 933 2844 nos,
956 2773 992 2824 ut
1012 2762 1071 2825 ille
1093 2769 1189 2825 nocte
1212 2761 1353 2843 diligen-

189 2865 256 2926 tius
277 2863 506 2947 vigilaremus,
529 2867 605 2950 quie
627 2868 672 2929 ibi
691 2874 781 2929 osset
799 2866 1016 2949 periculosum
1038 2875 1168 2950 propter
1188 2865 1354 2950 prologos,

194 2968 250 3050 qui
271 2985 329 3050 pro
364 2976 509 3050 ternpore
530 2969 572 3032 de
600 2972 753 3053 Aegypto
775 2972 809 3032 in
837 2970 1000 3034 desertum
1031 2969 1195 3052 pelluntur
1225 2979 1356 3052 propter

193 3070 358 3138 demerita.
386 3069 437 3134 illi
457 3073 491 3134 in
512 3073 585 3136 istis
607 3073 688 3138 loeis
709 3075 837 3138 latitent
858 3084 890 3137 et
912 3093 1012 3156 saepe
1030 3075 1128 3138 valde
1149 3083 1356 3137 transeuntes

86 3160 95 3177 '
192 3175 388 3257 perturbent.
444 3175 664 3242 Dormivimus
697 3197 775 3262 ergo
802 3179 859 3243 ille
890 3187 986 3242 nocte
1019 3195 1090 3241 cum
1124 3161 1355 3262 inquietudine,

193 3287 262 3342 tum
283 3288 413 3364 propter
445 3282 590 3345 timorem
612 3282 689 3365 (74
700 3287 746 3368 ο)
774 3286 977 3364 incursuum,
1008 3291 1075 3344 tum
1108 3285 1204 3346 etiem
1228 3291 1358 3366 propter

192 3394 326 3447 ventum
348 3394 381 3447 et
403 3385 539 3469 frigore,
561 3406 647 3471 quae
668 3407 730 3452 nos
750 3389 947 3472 premebant.
992 3387 1162 3451 Jecuimus
1190 3389 1275 3450 enirn
1298 3389 1357 3450 sub

196 3487 271 3550 divo
300 3490 379 3553 lassi
399 3498 432 3552 et
453 3489 617 3556 laboribus
648 3513 687 3558 ec
720 3494 858 3557 miseriis
891 3493 1011 3556 deserti
1043 3493 1209 3556 extenuati
1238 3499 1272 3554 et
1294 3511 1358 3554 nou

196 3590 282 3653 eliud
314 3593 515 3675 refrigerium
550 3597 738 3675 habuimus,
771 3616 863 3680 quern
898 3599 973 3678 quie
1001 3598 1168 3678 scivimus,
1189 3599 1358 3658 terminum

197 3695 337 3758 laborum
360 3698 616 3780 eppropinquare
638 3711 671 3762 et
693 3700 788 3762 linem
811 3696 995 3761 solitudinis
1017 3715 1081 3760 non
1113 3697 1210 3780 longe
1232 3702 1357 3762 ebesse.

197 3799 312 3861 'l'otius
333 3797 442 3862 mundi
464 3801 676 3865 substantiam
695 3821 760 3866 non
785 3802 1042 3884 accepissemus,
1066 3799 1152 3885 quod
1174 3800 1280 3864 adhuc
1302 3822 1359 3885 per

195 3902 402 3988 quindeniam
424 3905 457 3966 in
480 3903 607 3968 deserto
627 3923 757 3970 manere
778 3905 987 3989 oportuisset,
1007 3907 1082 3989 quie
1103 3906 1245 3969 laborem
1266 3904 1356 3969 illum

200 4008 337 4091 emplius
359 4007 496 4072 tolerare
517 4006 687 4076 videbatur
708 4011 801 4076 nobis
823 4009 1030 4096 impossibile.

678 4265 886 4280 a*
