3212 5206
192 449 229 506 ot
251 439 424 504 imminens
441 434 620 521 perieulum
643 441 755 502 mutuo
776 435 895 523 auxilio
916 434 1105 522 declinatur,
1117 438 1221 503 solnm
1238 435 1368 504 enimin

193 546 348 610 anteriori
366 541 494 608 deserto
509 541 656 606 habitant
669 551 703 605 et
715 559 779 604 non
793 542 995 625 ininteriori,
1009 544 1120 628 inquo
1133 561 1198 608 non
1212 543 1369 610 habitavit

190 653 308 733 boetia,
323 667 386 714 nec
406 649 514 729 lromo,
528 665 589 710 nec
606 649 691 730 avis,
705 648 748 710 ln.
760 665 799 709 eo
812 648 1006 712 nutrimenta
1017 649 1137 713 babere
1157 657 1302 732 possunt.
1331 652 1369 714 lrr

193 756 278 822 locia
299 762 424 836 antem,
445 753 500 815 ubi
529 751 736 834 auspicantur
764 757 960 817 mercatores
980 752 1035 816 vel
1057 754 1141 818 alios
1162 755 1387 838 transituros.

189 863 297 943 figunt
316 857 534 940 tabernacula,
552 865 587 918 et
602 857 657 920 ubi
669 864 748 928 sunt
767 855 903 938 paludes
916 876 974 940 pro
987 876 1047 922 sno
1061 867 1093 920 ot
1105 859 1264 941 pecudum
1278 868 1368 941 potu,

189 961 235 1030 ibi
250 965 378 1028 latitant
390 970 446 1026 aut
473 963 507 1024 in
529 963 680 1025 cavernis
699 971 860 1056 petrarum
874 963 975 1054 autin
995 963 1146 1046 turguriis
1158 983 1200 1026 ex
1219 981 1369 1028 sarmen-

190 1071 235 1134 tis
254 1069 359 1146 facila,
371 1077 405 1131 et
425 1066 500 1130 dum
521 1067 646 1150 aliquos
667 1075 801 1130 cernunt
816 1068 937 1148 venire,
951 1084 1062 1152 equor,
1073 1069 1183 1132 minos
1204 1078 1239 1132 et
1257 1086 1370 1136 mmo·

190 1173 243 1238 loa
269 1190 350 1236 suos
370 1171 552 1236 ascendunt
572 1180 607 1235 et
627 1189 700 1235 curn
720 1170 824 1234 baatis
846 1179 884 1233 et
900 1170 1015 1254 clipeis
1035 1173 1070 1235 in
1090 1174 1145 1236 via
1173 1192 1212 1237 se
1231 1182 1364 1257 ponunt.

190 1277 356 1342 Prodeunt
378 1277 474 1340 etiarn
504 1278 545 1341 do
563 1278 714 1340 cavernis
735 1295 843 1340 eorum
867 1276 1045 1361 foeminae,
1066 1278 1256 1342 seminudae
1281 1280 1368 1345 sicut

189 1384 266 1466 uiri,
277 1382 477 1446 miserrimae
498 1355 774 1465 acturpissirnae,
791 1399 863 1445 oum
886 1383 995 1464 pneris
1015 1390 1048 1444 et
1069 1382 1229 1466 lapidibus
1250 1401 1367 1448 aecur-

190 1497 266 1552 runt
302 1497 425 1570 partem
458 1488 631 1570 spoliorum
665 1487 813 1568 accipere
843 1494 986 1569 paratae
1042 1485 1228 1551 crudeliter
1256 1496 1367 1553 autem

192 1601 305 1656 contra
326 1591 539 1656 advenientes
553 1590 732 1676 procedunt
754 1609 826 1654 curu
840 1590 1033 1655 clamoribus
1043 1599 1076 1654 et
1096 1592 1232 1656 vibratis
1247 1593 1365 1676 basiis,

193 1707 227 1760 ot
259 1695 387 1779 pedites
415 1697 566 1761 mulieres
600 1709 633 1764 et
659 1695 800 1778 juvenes
826 1714 898 1760 cunr
927 1695 1096 1780 lapidibus.
1138 1696 1224 1760 Dura
1257 1706 1365 1762 autera

192 1801 392 1866 conveniunt
413 1809 681 1885 ambustorum,
702 1802 872 1865 saevitiam
893 1802 1058 1864 remittunt
1072 1800 1201 1866 Arabes
1217 1811 1250 1865 et
1271 1804 1365 1886 paci-

149 1891 152 1899 ’
194 1909 258 1972 flue
279 1905 452 1990 pedagium
482 1908 615 1991 exigunt
647 1907 808 1990 dicentes,
837 1925 876 1971 se
903 1923 981 1970 esse
1009 1903 1156 1970 dominos
1185 1905 1365 1970 desertior

192 2013 353 2096 omnium,
375 2028 458 2093 quae
478 2015 579 2078 muris
601 2031 665 2077 non
687 2022 762 2074 suut
783 2013 909 2076 inclusa
930 2019 985 2074 aut
1006 2012 1138 2094 sepibus
1158 2010 1365 2094 circumdata,

190 2120 288 2182 tectis
308 2127 418 2200 operta
446 2125 502 2180 aut
532 2115 667 2180 fossatis
694 2117 817 2179 munita
838 2125 901 2181 etc.
947 2114 1047 2179 Porro
1068 2119 1097 2178 sl
1120 2132 1196 2197 pars
1222 2114 1363 2179 adversa

188 2229 317 2284 recusat
338 2220 468 2286 solvere
494 2221 679 2305 pedagium,
701 2240 766 2285 nou
791 2221 979 2305 permittunt
1000 2239 1058 2286 eos
1080 2219 1257 2305 procedere
1262 2259 1276 2297 ,
1298 2220 1362 2284 nisi

92 2325 98 2338 “
187 2330 255 2390 sint
276 2327 426 2389 iortiores
447 2343 496 2407 se,
516 2334 549 2388 et
569 2326 631 2389 hoc
651 2329 724 2390 viso
748 2326 816 2409 jam
848 2325 1018 2410 pedagium
1039 2345 1104 2390 uon
1124 2325 1258 2409 exigunt
1265 2369 1276 2408 ,
1298 2325 1360 2390 sed

187 2432 352 2515 supplices
374 2432 612 2515 eleemosynam
634 2440 762 2513 petunt,
779 2433 898 2514 ,paucis
924 2441 1031 2496 autem
1061 2432 1203 2496 denariis
1223 2426 1360 2496 eonten-

188 2545 305 2621 tantnr,
326 2546 360 2599 et
380 2538 410 2598 si
431 2535 549 2600 dautur
570 2538 619 2600 eis
639 2537 814 2619 paximatii,
832 2535 1013 2622 gaudentes
1033 2539 1196 2622 accipiunt
1216 2548 1250 2602 ct
1270 2539 1360 2602 abire

160 2627 385 2726 ‘permittunt
426 2645 532 2707 Nemo
563 2651 670 2706 antem
701 2640 838 2705 faciliter
868 2659 941 2706 curn
973 2642 1021 2705 eis
1053 2643 1261 2725 congreditur
1296 2659 1359 2706 nec

187 2767 246 2812 eoa
271 2749 519 2811 irremuneratos
550 2741 694 2826 dimittit,
723 2748 801 2828 quia
835 2764 908 2810 cum
942 2748 1051 2811 multis
1084 2749 1198 2812 turmis
1229 2747 1360 2812 deserta

187 2851 421 2938 perambulant,
434 2858 469 2912 et
489 2848 564 2912 dum
586 2848 728 2912 auditum
751 2850 857 2932 suerit,
879 2854 987 2916 socios
1007 2868 1123 2916 caesor
1144 2861 1200 2914 aut
1220 2861 1359 2934 spretos,

187 2959 351 3023 condonat
371 2965 406 3018 et
427 2960 626 3018 concurrunt
649 2962 683 3016 et
704 2955 800 3023 nimia
824 2973 946 3037 graves
966 2955 1081 3019 fierent
1104 2957 1274 3018 contrariis
1298 2971 1361 3019 neo

187 3065 407 3147 quiescerent,
436 3059 540 3124 donec
567 3074 625 3123 eos
657 3059 905 3143 insequerentur
936 3068 970 3122 et
997 3059 1141 3123 totaliter
1170 3060 1358 3143 spoliarent.

186 3165 313 3231 offensi
326 3168 411 3228 enim
427 3164 577 3228 crudeles
591 3174 666 3227 suut
688 3172 720 3228 et
734 3163 965 3248 implacabiles,
978 3164 1041 3227 nisi
1061 3181 1100 3246 se
1112 3163 1360 3249 vindicaverint,

189 3273 394 3369 Quapropter
414 3269 450 3333 S.
471 3271 670 3354 «leronymus
691 3273 725 3333 irr
744 3270 883 3353 epistola
904 3269 946 3332 ad
966 3267 1151 3332 Dardanum
1174 3287 1231 3335 eos
1252 3270 1358 3334 nomi·

185 3391 242 3441 nat
264 3377 431 3458 barbams,
454 3374 583 3439 dicens:
605 3375 685 3438 l’ost
706 3383 825 3439 terram
846 3383 991 3439 sanctam
1006 3375 1152 3459 sequitur
1171 3377 1360 3439 vastissima

185 3483 342 3564 solitudo,
378 3480 474 3564 plena
503 3480 714 3552 ferocissimis
749 3481 906 3544 barbaris.
962 3482 1058 3542 Hanc
1075 3478 1294 3566 ¹solitudinem
1326 3487 1360 3542 ot

183 3607 311 3654 omnem
333 3587 439 3649 loeunr
465 3585 526 3648 sub
557 3583 634 3648 divo
667 3585 777 3648 dieunt
805 3603 880 3648 esse
901 3585 1013 3667 suurn,
1035 3586 1135 3666 igitur
1154 3587 1188 3647 in
1209 3571 1357 3649 omnibus

181 3695 247 3756 viis
271 3693 313 3754 ab
334 3690 539 3755 obviantibus
560 3689 731 3773 pedagium
745 3692 892 3773 exigunt,
905 3698 937 3753 et
957 3707 1023 3752 non
1044 3687 1148 3751 solnm
1167 3689 1201 3752 in
1215 3674 1357 3756 deserto·

180 3798 292 3880 iprum
314 3806 421 3860 tamen
443 3793 607 3858 desertum
628 3794 741 3857 dieunt
762 3813 853 3858 suam
876 3796 1036 3878 propriam
1059 3794 1214 3878 patriam,
1236 3793 1270 3857 in
1292 3811 1357 3876 qua

179 3902 328 3967 babitant
346 3903 418 3966 sine
440 3900 593 3982 civitate,
621 3901 694 3964 sine
719 3900 818 3984 villa,
840 3902 912 3964 sine
938 3908 1065 3981 castro,
1095 3899 1168 3963 siue
1187 3899 1299 3982 domo,
1320 3902 1355 3962 in

179 4009 355 4085 petrarum
368 4005 522 4068 cavernis
550 4013 585 4068 et
614 4006 675 4068 sub
708 4007 945 4089 tabernaculis,
966 4023 1027 4067 nec
1060 4003 1190 4067 aliunde
1221 4006 1284 4068 nisi
1313 4004 1355 4068 de

181 4104 304 4187 praeda
333 4109 448 4171 vivunt
476 4117 508 4172 et
538 4119 661 4173 tantum
690 4109 850 4174 delectum
871 4120 969 4193 atquo
990 4110 1154 4192 penuriam
1176 4111 1354 4198 sustinent,

182 4208 269 4290 qnod
299 4211 384 4294 apud
403 4230 466 4278 nos
497 4215 589 4278 canis
619 4215 759 4280 sufferre
784 4234 848 4281 non
870 4222 993 4299 posset
1036 4214 1075 4276 si
1095 4212 1225 4297 quando
1245 4222 1352 4276 autem

181 4311 335 4394 praedam
355 4316 503 4381 invenire
517 4337 580 4384 non
596 4329 742 4403 possunt,
757 4321 851 4384 turris
871 4321 970 4384 vitam
986 4326 1169 4382 sustentare
1185 4323 1354 4400 quaeruut,
