3132 5206
278 463 311 517 et
346 451 393 518 illi
431 460 557 517 mentes
601 449 697 533 juxta
748 447 907 531 sichem,
954 465 1037 531 ques
1081 449 1192 514 dicunt
1231 469 1307 516 esse
1351 453 1453 518 Geri-

277 559 342 622 eim
363 565 398 620 et
427 555 549 638 nebal,
580 564 656 618 sunt
686 557 770 616 inter
790 571 829 616 se
850 553 1025 635 distantes,
1055 571 1117 616 nec
1148 565 1285 638 possunt
1309 557 1452 623 invicem

138 716 159 736 .,
278 661 535 726 benedicentium
558 668 614 722 eet
635 657 894 722 maledicentium
915 656 1017 720 audiri
1034 676 1145 722 voces.
1167 659 1235 722 Alii
1256 679 1335 724 vero
1356 680 1452 724 mon-

189 796 196 809 ·
277 764 396 829 tienlos
416 781 516 846 supro
539 763 696 846 capellum
720 761 757 830 S.
778 762 940 825 Johaunis
962 771 995 824 et
1026 762 1111 826 inire
1132 759 1304 847 (ialgalem
1335 765 1452 828 volent

277 871 386 935 dicere
407 869 470 931 bos
490 867 572 931 dnos
594 886 678 931 esse.
723 864 792 929 Sed
814 883 876 928 nee
896 868 960 931 boe
980 866 1057 929 mibi
1080 866 1225 950 videtur,
1255 871 1332 952 quie
1354 889 1451 934 mou-

150 1034 156 1045 .
277 975 368 1040 ticeli
388 973 434 1036 ilii
455 989 520 1034 nou
541 980 619 1035 sent
647 972 710 1035 nisi
731 970 876 1052 arerrosi,
908 971 1100 1052 comportati
1131 990 1190 1054 per
1217 983 1351 1056 ventos,
1386 992 1470 1057 uec,

276 1087 413 1163 possent
435 1093 555 1159 cepere
586 1084 710 1139 tantum
743 1074 896 1159 populum
936 1083 969 1138 et
995 1083 1042 1138 tot
1063 1076 1245 1159 principes,
1280 1087 1313 1140 et
1334 1078 1452 1142 altaria

134 1206 140 1221 ·
277 1183 319 1247 de
340 1180 503 1265 lapidibus
528 1177 683 1262 impolitis
711 1194 777 1240 non
811 1188 926 1261 posset
945 1197 1045 1243 arena
1074 1188 1221 1264 portare,
1244 1183 1328 1245 slent
1349 1201 1451 1265 prae-

277 1296 405 1372 ceptum
429 1286 489 1350 luit
509 1281 558 1347 1⁷.

360 1392 542 1453 ’l'erreamus
572 1404 651 1470 erge
670 1404 743 1451 eum
771 1390 866 1450 beato
887 1387 1106 1473 Hieronymo,
1137 1389 1223 1472 qued
1245 1399 1370 1454 montes
1390 1392 1450 1474 illi,

276 1511 359 1581 quos
378 1495 420 1557 ad
443 1494 530 1556 letus
551 1490 698 1555 dextrum
720 1491 900 1573 babuimus,
924 1490 1069 1556 Gerizim
1090 1501 1124 1556 et
1143 1494 1259 1578 Hebal,
1275 1495 1308 1558 iu
1330 1496 1450 1578 quibus

276 1605 425 1683 poterant
445 1596 612 1679 principes
633 1596 697 1657 xil
719 1598 856 1660 tribuum
890 1605 979 1659 stare
1005 1606 1041 1659 et
1069 1596 1186 1661 altaria
1217 1598 1389 1662 aedilieere
1413 1607 1448 1663 et

276 1702 318 1767 ad
350 1701 549 1765 seinvicem
578 1681 822 1763 meledictiones
855 1708 889 1762 et
910 1699 1152 1764 benedictiones
1178 1702 1348 1767 elenando
1369 1723 1450 1786 pro-

277 1808 439 1888 nuntiare,
458 1813 492 1869 et
509 1803 648 1886 populus
672 1805 704 1865 iu
726 1823 840 1887 eampo
861 1815 954 1868 stuns
975 1822 1033 1868 eos
1049 1814 1179 1888 poterat
1198 1807 1318 1870 audire.

282 1949 285 1956 ·
359 1910 414 1973 Ad
435 1909 559 1974 illerum
583 1909 738 1971 montium
762 1919 929 1993 aspectum
949 1911 1173 1992 obstupuimus
1189 1921 1320 1994 propter
1340 1912 1448 1975 borri-

277 2015 362 2079 blles
397 2013 641 2078 maledictiones
671 2014 716 2075 lbi
749 2013 782 2076 in
814 2014 1090 2096 praevaricatores
1121 2015 1206 2098 legis
1232 2016 1334 2095 latas,
1362 2033 1449 2098 quse

277 2121 437 2185 habentur
457 2118 552 2181 Dent.
574 2115 625 2182 2⁷.
651 2127 684 2180 et
703 2119 755 2181 28.
777 2118 851 2180 Nee
872 2117 956 2180 dieat
978 2117 1194 2201 Christianus,
1216 2118 1301 2203 quod
1319 2118 1448 2184 Judae-

278 2242 368 2288 orum
401 2223 521 2287 inerint
550 2222 706 2285 duntaxat
746 2222 809 2284 bae
841 2221 1083 2285 maledictiones
1120 2232 1154 2285 et
1192 2222 1445 2287 benedictiones.

278 2327 363 2390 Sunt
386 2337 418 2390 et
444 2326 724 2406 Christianorum,
746 2325 832 2388 nude
852 2326 968 2389 Mattb.
990 2326 1045 2389 V.:
1074 2327 1139 2388 nisi
1157 2327 1368 2390 abundaverit
1389 2329 1446 2410 je-

156 2454 163 2467 ·
278 2433 369 2494 stitia
385 2440 512 2511 vestra,
532 2431 606 2512 plus
623 2448 720 2513 quarn
741 2431 919 2493 scribarum
941 2442 1002 2494 etc.
1029 2432 1081 2493 bix
1100 2433 1337 2518 quibespatet,
1359 2431 1446 2516 qued

279 2535 479 2599 abundanter
490 2553 550 2598 nos
574 2543 784 2617 tarrgantsue
806 2533 901 2597 modo
920 2535 953 2597 iu
974 2534 1049 2618 illis,
1072 2554 1156 2620 quae
1177 2547 1251 2620 post
1272 2536 1446 2600 adventum

278 2638 408 2702 llomiui
429 2638 592 2701 servanda
607 2647 707 2702 erent.
750 2637 873 2701 Contra
893 2640 974 2702 istos
994 2657 1072 2722 erge
1109 2652 1235 2706 montes
1256 2657 1365 2728 geues
1385 2641 1447 2704 lle·

25 2761 29 2770 ’
138 2789 146 2803 .
279 2745 386 2806 ximus
415 2754 447 2807 et
467 2743 639 2808 Dominum
664 2743 817 2806 montium
840 2745 1073 2808 invocavimus.

279 2975 355 3072 (B)
378 2974 439 3050 De
461 2975 556 3069 loco,
580 2977 616 3052 in
644 2999 714 3076 quc
740 2975 844 3078 pueri
871 2975 1076 3051 deriserunt
1095 2976 1308 3052 Helizeeurn
1329 2975 1445 3050 calum

254 3100 267 3114 ''
755 3094 977 3197 prophetant.

364 3275 555 3339 Avertimes
583 3285 821 3360 consequenter
852 3294 912 3338 nos
942 3293 962 3338 a
996 3277 1158 3341 mentibus
1190 3274 1445 3340 benedictionum

280 3385 313 3441 et
336 3378 596 3442 meledictionem
615 3387 649 3441 et
670 3378 710 3441 ud
729 3379 856 3442 radices
874 3381 1029 3443 montium
1042 3378 1271 3457 Quereutenae
1284 3380 1445 3457 venimus,

279 3494 456 3566 sequentes
476 3501 581 3568 aqeee
603 3483 775 3547 decursum
810 3503 870 3567 per
890 3485 993 3566 viam,
1025 3503 1090 3569 que
1110 3487 1175 3549 itur
1205 3505 1226 3549 a
1257 3483 1390 3548 Jeriebo
1412 3483 1445 3544 in

278 3587 412 3670 bethel,
440 3607 498 3671 per
518 3607 614 3672 quam
634 3589 731 3652 etiam
755 3587 894 3671 legimus
915 3589 1127 3654 adscendisse
1147 3589 1339 3653 Hebraeum
1367 3603 1447 3670 pro-

178 3710 191 3723 ·
278 3693 409 3776 phetam
431 3696 461 3755 d.
476 3693 598 3776 ¹¹⁰8&
621 3690 686 3771 Qui
707 3693 781 3756 dum
803 3695 847 3756 lbi
865 3693 1088 3776 adscenderet,
1111 3695 1237 3776 egressi
1257 3700 1332 3755 sunt
1353 3689 1445 3772 pueri

279 3800 372 3880 parvi
394 3797 435 3861 de
455 3798 587 3861 Jeriebo
607 3807 684 3880 post
704 3801 809 3862 virtrm
831 3807 997 3882 emotum,
1020 3808 1054 3859 et
1073 3797 1246 3861 irridentes
1267 3793 1445 3858 illudebant

277 3903 322 3984 ei,
344 3911 441 3986 atque
463 3903 661 3966 clamabant:
684 3903 848 3966 adscende
869 3904 974 3968 calve.
1021 3901 1111 3982 Quos
1133 3913 1168 3966 ut
1188 3901 1346 3985 prophete
1365 3897 1446 3962 vidit

278 4015 312 4069 et
331 4007 472 4091 audivit,
493 4009 584 4072 stetit
595 4053 605 4090 ,
634 4010 739 4072 erevit
775 4017 808 4070 et
839 4010 949 4092 pueris
969 4007 1036 4071 illis
1055 4007 1231 4071 maledixit.
1269 4007 1314 4067 Et
1333 4003 1443 4066 statim

280 4114 408 4194 egressi
430 4121 506 4175 sunt
528 4113 591 4176 due
613 4114 681 4176 ursi
704 4112 744 4176 de
765 4112 852 4176 sellu
873 4122 906 4176 et
928 4111 1168 4176 devoraverunt
1189 4111 1282 4172 xuti
1314 4123 1442 4191 pueros.

277 4215 330 4278 llx
351 4235 415 4300 quo
437 4226 544 4301 patet,
567 4217 653 4301 qued
673 4217 888 4301 periculosum
913 4219 967 4303 sit,
989 4226 1134 4280 seneset
1152 4216 1267 4282 calvos
1286 4211 1445 4292 deridere

276 4337 351 4386 eum
372 4338 472 4388 senes
492 4321 585 4387 calvi
604 4331 637 4386 et
661 4325 734 4388 ceni
754 4323 862 4406 potius
882 4323 950 4385 siut
969 4319 1157 4392 honorandi.
1179 4319 1339 4404 Desigrrat
1357 4318 1445 4380 enin
