3132 5206
138 500 200 564 hoc
222 497 302 561 iecit
322 495 364 561 ed
384 493 561 562 tollendum
582 492 844 576 superstitiones,
863 508 947 577 qnae
964 497 1053 557 ortae
1070 495 1198 560 itrertrnt
1213 509 1313 560 occa·

138 604 233 667 sione
253 602 342 666 iltius
362 617 475 685 aquae
1155 623 1159 630 ·

224 705 363 784 Quidam
393 705 478 768 enim
515 701 684 786 simplices
717 703 907 767 sacerdotes
935 721 1000 767 non
1033 703 1246 767 aestimabant
1275 719 1313 765 so

139 830 253 876 verum
276 812 438 893 baptisma
458 808 596 891 habere,
627 810 692 874 nisi
714 801 836 892 aliquid
859 808 900 872 de
922 826 1008 892 aqna
1032 807 1187 872 Jordanis
1212 826 1313 890 eppo-

138 923 272 997 nerent,
297 915 351 978 vei
372 912 529 998 putabant
552 914 713 998 baptisma
735 914 869 996 majoris
890 914 1073 979 sanctitatis
1093 922 1126 976 et
1147 911 1314 975 efficaciae

140 1018 226 1084 esse'
259 1037 334 1082 curn
354 1019 411 1082 itia
441 1036 647 1102 equaquam
677 1020 752 1081 sine
772 1017 837 1080 tito.
881 1017 1003 1082 Sedet
1025 1017 1176 1082 mulieres
1197 1035 1314 1100 super·

139 1126 290 1188 stitiosse
311 1123 467 1186 nolebant
490 1121 646 1206 parrulos
671 1139 751 1186 suos
771 1122 946 1207 baptisari,
978 1124 1041 1186 nisi
1062 1124 1240 1207 baptismo,
1261 1121 1314 1184 cui

140 1227 285 1292 admixta
306 1236 398 1290 esset
418 1245 504 1310 equs
531 1227 574 1292 de
603 1225 766 1311 Jordene,
802 1238 836 1292 et
859 1230 988 1293 etiamsi
1010 1227 1187 1293 credebant
1218 1225 1314 1289 aliern

139 1349 255 1415 equam
277 1331 449 1415 sufficere,
464 1337 466 1346 “
481 1341 588 1395 tamen
610 1332 716 1415 iiiam,
749 1333 804 1395 cui
831 1334 1012 1400 admixtum
1036 1343 1106 1399 erat
1129 1330 1251 1416 aliquid
1273 1329 1315 1392 de

139 1454 224 1519 aqua
255 1435 426 1521 Jordrnn,
469 1439 684 1502 aestimabant
722 1438 927 1503 sanctiorem.
972 1438 1067 1518 Quae
1098 1439 1206 1505 omnia
1237 1443 1315 1498 sunt

140 1557 287 1606 emoneo„
331 1587 339 1594 .
415 1585 418 1592 ,

223 1647 361 1728 Insuper
386 1647 607 1712 incantatores
640 1655 673 1709 et
698 1647 926 1712 incantatrices
951 1648 1011 1712 hnc
1032 1664 1116 1732 aqua
1138 1645 1314 1730 singuiori-

140 1758 191 1812 ter
212 1751 402 1832 utebantur,
435 1757 468 1812 et
488 1749 584 1815 hodie
612 1768 652 1815 ea
679 1759 829 1835 utuntur,
861 1752 990 1837 quando
1021 1760 1159 1836 possunt
1182 1751 1312 1832 habere,

141 1852 183 1916 ad
204 1871 284 1916 snas
304 1855 557 1938 superstitiones
579 1856 791 1920 exercendas.
822 1859 864 1920 itt
885 1867 921 1922 ut
941 1857 998 1920 iiia
1019 1856 1215 1938 tollerentur,
1235 1875 1314 1940 prc-

141 1957 347 2040 iribuiti‘spe
367 1957 441 2039 ejus
462 1958 536 2040 (it)
561 1961 844 2027 transductionem.
866 1962 904 2027 Si
926 1972 1033 2026 antem
1055 1961 1129 2025 ideo
1147 1961 1314 2044 navigatio

141 2061 324 2145 impeditur,
346 2063 535 2128 mirsctdnnr
555 2082 676 2130 novum
689 2068 780 2131 Deus
802 2076 965 2150 operatur.
994 2067 1061 2129 Atti
1083 2067 1204 2147 dicunt,
1227 2063 1313 2148 quod

141 2167 418 2251 quaterdenis,
453 2168 531 2232 iicet
552 2171 586 2232 in
608 2187 669 2236 suo
698 2173 788 2236 fluxu
809 2174 853 2235 sit
884 2170 1081 2256 aquaviva,
1103 2181 1212 2234 tamen
1233 2185 1315 2232 vas-

141 2273 215 2336 cuio
237 2281 368 2356 recepta
397 2273 530 2337 moritur
550 2282 584 2336 et
604 2278 770 2357 putrescit.
824 2275 869 2338 itt
892 2277 967 2358 qnia
998 2293 1087 2337 mare
1114 2292 1179 2336 non
1208 2279 1316 2354 potest

141 2378 304 2441 urstinere
336 2386 493 2442 mortuum
511 2388 549 2443 'et
569 2379 786 2463 putredinem,
819 2389 856 2443 ut
878 2379 1005 2462 dicunt,
1039 2377 1112 2442 ideo
1143 2375 1316 2461 impeditur

143 2483 318 2566 navigatio.
362 2481 430 2546 Sed
450 2483 513 2548 hcc
534 2484 612 2548 nihii
634 2493 702 2567 est,
724 2485 800 2568 quia
821 2483 890 2548 vidi
917 2503 1036 2568 magna
1056 2501 1153 2567 vase,
1183 2483 1217 2545 iri
1239 2463 1315 2566 qni-

142 2590 204 2653 bus
220 2597 482 2670 computruerant
498 2608 612 2674 aquae,
625 2606 709 2673 quae
729 2589 847 2654 ductae
866 2577 994 2653 suerent
1009 2609 1068 2673 per
1084 2607 1201 2672 magne
1216 2589 1315 2650 maris

143 2696 267 2778 spatia,
289 2702 326 2756 ut
346 2701 435 2755 esset
455 2693 488 2756 in
510 2696 586 2758 navi
609 2694 713 2758 dulcis
734 2713 836 2779 aqua,
858 2694 934 2758 iicet
956 2685 1083 2758 ioetidn.
1118 2692 1197 2757 Vidi
1218 2692 1314 2754 otiam

143 2817 263 2882 corpus
286 2797 441 2880 hominis,
472 2805 622 2862 recenter
644 2800 805 2882 defuncti,
837 2797 954 2862 deierri
974 2799 1008 2861 in
1030 2798 1107 2860 navi
1137 2798 1178 2860 ab
1200 2793 1316 2857 insulis

143 2902 326 2986 Cycladum
348 2921 451 2987 usqne
473 2903 515 2968 ad
535 2903 706 2985 Venetiae,
727 2911 762 2965 nt
783 2901 908 2965 dicotur
931 2901 1007 2964 ioiio
1033 2901 1102 2964 ico.
1124 2900 1212 2963 Part.
1234 2899 1269 2966 2.

227 3008 295 3073 Atii
316 3008 412 3072 aiiaur
430 3009 588 3071 rationem
609 3009 780 3090 assigmt
807 3013 840 3069 et
861 3004 970 3070 dicuni
981 3050 992 3088 ,
1013 3003 1100 3090 qnod
1121 3020 1209 3068 mare
1228 3021 1317 3066 mor-

144 3123 233 3176 tuum
254 3121 307 3176 est
326 3113 523 3178 mirabilibus
543 3111 752 3197 qualitatibus
772 3111 938 3193 iniectum,
954 3119 986 3175 et
1007 3111 1083 3194 quia
1103 3109 1199 3193 hujus
1218 3107 1317 3171 maris

144 3235 250 3301 equae
270 3226 347 3281 snut
368 3219 462 3302 equis
481 3217 635 3281 dordonis
657 3217 850 3281 commixtae
868 3217 901 3280 in
924 3215 987 3280 hoc
1007 3214 1100 3299 ioco,
1133 3211 1206 3278 ideo
1228 3228 1319 3300 mare

143 3340 296 3405 uagum
321 3341 385 3386 nou
405 3331 514 3407 potest
529 3341 587 3386 eas
602 3324 763 3386 sustinere
781 3331 911 3405 propter
929 3322 1201 3402 contrarietatem,
1217 3334 1315 3403 quern

142 3427 262 3491 briant
284 3427 341 3490 iila
363 3426 426 3491 duo
448 3428 550 3493 maria
571 3427 612 3492 ad
634 3429 787 3495 invicem.
829 3427 897 3492 Sed
919 3443 982 3491 nec
1009 3428 1071 3491 hoc
1100 3423 1213 3506 credo,
1240 3422 1317 3506 quia

141 3531 185 3596 de
205 3551 292 3616 equa
311 3531 466 3596 dardanis
487 3531 646 3615 bibimus,
670 3535 751 3597 etin
774 3551 814 3595 oa
833 3533 954 3596 nnllam
975 3531 1138 3595 sensimus
1159 3528 1316 3591 emeritu-

143 3637 271 3720 dinem,
293 3644 507 3721 adunantem
530 3637 628 3701 maris
651 3639 768 3702 mortni
790 3647 840 3702 est
859 3637 1075 3719 amarissima3
1098 3634 1171 3697 ideo
1197 3631 1317 3695 dieitur

17 3735 19 3750 ’
144 3743 176 3806 in
198 3742 361 3824 scriptura
380 3759 469 3806 mare
489 3742 714 3806 salsissimum.
743 3741 818 3805 Non
841 3761 919 3826 orgo
942 3752 993 3805 est
1013 3739 1199 3805 commixtio
1220 3739 1317 3802 unius

144 3845 185 3910 ad
208 3847 341 3911 aiteram
363 3846 417 3910 iit.
460 3846 527 3910 Atii
547 3850 660 3912 verius
688 3847 797 3911 dicunt
819 3855 852 3910 et
884 3847 1016 3931 meiius,
1048 3845 1133 3930 qnod
1155 3843 1318 3927 supersti-

144 3951 260 4015 tiosum
282 3951 327 4015 sit
347 3949 497 4033 credero,
519 3952 606 4037 qnod
628 3971 713 4036 aqna
733 3951 892 4016 Jordanis
913 3951 1030 4015 hebeat
1053 3949 1152 4035 [vim]
1177 3951 1318 4032 naviga·
1457 3953 1467 3975 ⁶

144 4056 264 4120 tionem
293 4055 466 4140 impedire,
503 4058 558 4120 vel
588 4063 711 4122 ventos
754 4068 810 4120 ant
838 4076 945 4120 aerem
986 4065 1042 4120 ant
1063 4057 1163 4119 maris
1196 4062 1320 4118 motuni
1403 4056 1413 4075 '
1545 4103 1550 4136 ,

144 4161 322 4224 immutare.
345 4160 468 4224 Tamen
488 4169 621 4247 propter
643 4161 863 4226 infldeiitetem
886 4162 1048 4226 hominurn
1070 4160 1318 4224 christianornm

144 4263 213 4328 lieo
232 4266 445 4348 permittente
464 4268 510 4330 ita
523 4267 575 4331 tir.
622 4267 664 4330 int
686 4270 716 4330 si
738 4283 823 4349 aque
843 4265 999 4330 iordanis
1019 4267 1054 4327 in
1075 4266 1154 4329 navi
1176 4282 1239 4326 non
1262 4277 1318 4322 es-
1417 4257 1422 4267 '

144 4380 204 4454 set,
225 4386 293 4435 non
315 4367 424 4453 fleret,
447 4389 512 4436 non
533 4371 664 4456 quidem
686 4382 818 4457 propter
840 4373 944 4452 ipsam
966 4387 1093 4453 aqnanr,
1107 4367 1167 4431 sed
1190 4372 1319 4451 propter
