3212 5206
387 469 389 474 ⁵
471 497 583 576 Dioto
607 497 698 576 dure
721 509 870 604 propter
894 519 993 576 mere
1018 517 1220 576 arenosum.

346 679 467 760 Quinta
488 681 615 748 decima
649 692 727 748 ante
759 683 866 746 uoutis
892 681 1031 746 medium
1073 683 1265 764 iooeperuut
1299 682 1434 746 uiurii

262 785 402 850 elamore
430 797 683 872 conquerentes,
715 789 779 853 sibi
811 787 894 850 duos
915 787 1027 850 uinus
1053 805 1073 850 a
1096 786 1227 850 ionibus
1250 785 1377 852 solutos
1399 794 1435 848 et

261 873 320 974 per
342 889 430 952 lures
452 892 618 964 abdnetos.
661 896 734 958 Hoo
755 893 896 957 elamore
917 907 1030 956 omnes
1051 890 1170 954 linimus
1203 891 1374 974 inquietati
1387 898 1433 956 et

262 995 443 1059 resedimus
465 997 498 1059 in
531 997 658 1062 lentnlie
691 999 913 1080 eolloquentes
943 997 985 1060 de
1010 981 1259 1060 oeunrrentibus'
1281 996 1434 1077 negotiis,

261 1100 392 1162 esirrarb
414 1107 520 1164 autem
543 1103 716 1167 currebant
736 1121 794 1186 per
815 1103 979 1185 regionem
1000 1109 1033 1163 et
1054 1101 1177 1164 bestias
1194 1100 1290 1166 simnl
1303 1098 1434 1180 (840)

261 1204 473 1288 invenerunt,
503 1224 542 1270 se
570 1206 662 1290 ipsos
688 1208 771 1270 enim
801 1207 970 1270 solverant
996 1215 1030 1268 et
1062 1206 1218 1268 abierant.
1270 1205 1433 1270 Addnotis

262 1309 370 1372 autein
393 1310 496 1372 seinis
525 1312 694 1402 imperavit
716 1310 851 1376 Calinns
872 1311 1015 1374 mmelos
1035 1327 1170 1374 onerare
1202 1317 1235 1372 et
1264 1327 1431 1374 reeessum

262 1416 449 1496 anticipare,
471 1417 645 1478 eratenim
667 1415 772 1478 adltno
793 1414 891 1478 valde
915 1433 1020 1498 mane,
1041 1423 1132 1499 puta,
1154 1413 1292 1478 medinm
1315 1415 1430 1477 noetis

261 1518 471 1582 surreximus
492 1537 569 1602 ergo
591 1529 624 1582 et
644 1520 750 1603 parati
772 1518 814 1582 de
836 1520 1008 1603 Magaretb
1030 1519 1159 1583 duerto
1182 1518 1376 1582 recessimus
1397 1526 1431 1580 et

262 1623 489 1707 rigidissimum
512 1641 654 1686 eremum
675 1624 815 1707 ingressi
842 1641 974 1708 snmus,
997 1623 1213 1707 innuendum
1242 1630 1349 1686 antem
1378 1619 1431 1684 di·

262 1728 410 1790 strietnm
432 1729 583 1814 venimus
605 1727 866 1812 frigidissimum,
900 1730 933 1792 in
955 1747 1026 1812 qno
1046 1736 1158 1793 eontra
1179 1745 1299 1792 morem
1321 1727 1432 1791 erien-

263 1827 373 1896 t'elinm
396 1834 561 1916 regionum
582 1843 706 1896 tautum
730 1834 834 1916 trigue
855 1835 945 1915 passi
974 1853 1104 1917 snmus,
1136 1842 1173 1898 ut
1194 1831 1296 1916 pedes
1317 1831 1430 1912 nostri,

261 1955 380 2002 manns
402 1947 435 2000 et
457 1940 528 2000 nasi
560 1939 758 2021 rigescerent
782 1937 988 2004 uidentibus
1016 1939 1235 2006 sterneremus.
1277 1936 1351 1998 lloe
1372 1935 1437 1997 iri·

262 2059 342 2126 gere
363 2041 461 2107 valde
491 2041 649 2106 debilitati
679 2042 816 2125 iniruns,
852 2043 928 2125 qnia
959 2044 1127 2128 bnunsqne
1153 2057 1283 2124 semper
1313 2040 1433 2102 inimus

262 2149 358 2232 qnasi
378 2150 412 2212 iu
433 2149 588 2211 extremis
610 2147 772 2211 oaloribns
794 2157 826 2210 et
847 2165 934 2212 nune
964 2158 1140 2214 extremum
1164 2149 1267 2231 lrigns
1294 2145 1432 2208 intravi·

262 2271 336 2318 rous
365 2231 426 2318 neo
456 2253 606 2316 vestibus
626 2262 740 2315 uentre
760 2253 883 2336 trigera
911 2255 1015 2336 operti
1036 2254 1166 2320 inimus.
1208 2252 1292 2316 Cum
1314 2267 1432 2332 mogus

203 2401 206 2408 -
263 2373 341 2442 ergo
374 2359 562 2421 festinantia
594 2377 652 2441 per
677 2356 766 2418 illum
802 2356 992 2420 distriutnm-
1014 2362 1233 2442 processimus
1269 2363 1431 2439 optantes,

252 2463 357 2526 eitius
379 2463 480 2526 solem
504 2463 594 2543 oriri,
627 2481 691 2544 qno
714 2461 1004 2546 reealesoeremns,
1035 2481 1131 2546 qnem
1160 2471 1269 2527 tamen
1298 2459 1432 2542 saepius

261 2563 420 2626 haetenus
452 2565 601 2628 oecidere
635 2564 907 2650 desideravimus,
948 2577 991 2630 nt'
1011 2569 1285 2651 refrigerationem
1312 2565 1433 2629 habere

263 2685 434 2750 possemus
455 2671 495 2732 ab
517 2672 684 2734 immensis
706 2671 877 2736 eoloribns.
920 2673 1008 2736 lnter
1028 2674 1098 2750 alio·
1112 2675 1237 2756 omnia,
1265 2689 1350 2755 quoe
1369 2687 1432 2751 pe-

264 2774 516 2856 regrinationem
538 2775 722 2840 solitudinis
751 2776 887 2841 reddunt
918 2778 1134 2860 tolerebilem,
1166 2778 1228 2840 boo
1254 2773 1433 2859 prinoipale

263 2886 331 2962 est,
353 2879 440 2964 qnod
468 2881 616 2965 eottidie,
638 2882 702 2946 imo
722 2886 816 2966 qnasi
845 2885 931 2948 omni
958 2884 1053 2967 bora,
1076 2899 1180 2946 novas
1207 2882 1358 2964 regiones
1376 2879 1433 2941 in-

263 2991 368 3068 trent,
405 3003 490 3068 quoe
524 2985 657 3050 alterins
689 2995 768 3050 sunt
804 2987 997 3052 conditionis
1030 2997 1061 3051 et
1092 2989 1178 3050 aeris
1207 2995 1240 3049 et
1272 2993 1359 3048 terro
1388 2997 1430 3044 ao

164 3114 179 3138 ο
263 3098 393 3152 montes
426 3090 559 3155 ulterius
581 3094 703 3156 formae
724 3103 756 3156 et
789 3093 924 3176 eoloris,
960 3094 1077 3176 quibus
1109 3093 1203 3156 hemo
1236 3089 1370 3152 miratur
1391 3084 1434 3148 do

265 3196 492 3274 praesentibus
513 3203 548 3258 et
568 3197 678 3259 littore
698 3197 811 3260 videre
833 3197 1004 3262 desideras
1048 3195 1185 3276 Semper
1205 3195 1289 3258 enim
1310 3189 1433 3274 aliquid

264 3297 340 3359 novi
363 3301 521 3383 decurrit,
542 3318 608 3384 quo
629 3302 724 3366 bomo
746 3302 779 3363 in
799 3301 1040 3364 admirationem
1063 3302 1204 3383 rapitur,
1225 3297 1278 3362 vel
1302 3304 1433 3382 propter

264 3400 428 3464 mirabiles
449 3402 654 3468 habitudines
683 3406 854 3487 montium,
875 3405 930 3468 vel
960 3414 1091 3487 propter
1111 3405 1249 3468 uolorem
1272 3414 1377 3468 terrae
1398 3410 1433 3464 et

264 3506 389 3587 rupium
410 3514 442 3568 et
461 3506 641 3589 lapillorum
662 3509 870 3591 varietatem,
896 3509 951 3572 vel
970 3517 1100 3592 propter
1120 3511 1250 3574 nimiam
1271 3509 1432 3591 asperita-

263 3617 342 3689 tem,
364 3610 572 3676 sterilitatem
589 3620 625 3675 et
645 3615 842 3697 vastitatem,
858 3632 942 3697 qnae
963 3615 1070 3678 omnia
1090 3616 1237 3678 curiosus
1259 3612 1434 3682 deteeteor.
1541 3597 1546 3608 ¹

263 3712 385 3779 ll'ateor
405 3715 468 3779 boo
489 3715 530 3780 de
551 3738 603 3782 me
633 3721 724 3803 ipso,
759 3719 845 3801 qnod
872 3719 1025 3802 majorem
1060 3719 1305 3784 deleutationem
1334 3717 1433 3782 habui

263 3817 296 3880 in
318 3805 503 3884 solitudinis
524 3825 700 3906 vastitate,
721 3823 896 3888 sterilitate
922 3834 956 3887 et
976 3826 1009 3888 in
1031 3823 1104 3907 eius
1126 3825 1268 3889 horribili
1290 3822 1434 3906 disposi-

264 3924 362 4005 tione,
385 3943 480 4007 qnam
503 3945 654 4012 umquem
676 3930 840 3993 habuerim
859 3931 892 3991 in
907 3929 1052 4012 Aegypti
1073 3931 1246 4012 fertilitate,
1267 3928 1434 3993 habilitate

264 4036 295 4090 et
318 4029 352 4092 in
375 4029 446 4112 ejus
472 4029 677 4097 desiderabili
698 4031 942 4116 pulchritudine.
986 4036 1088 4116 Igitur
1114 4036 1201 4098 eirea
1222 4035 1302 4099 solis
1326 4043 1433 4100 ortum

215 4200 220 4209 ,
262 4132 304 4196 de
327 4137 459 4216 regione
482 4135 611 4218 trigoris
632 4138 758 4220 egressi
778 4155 892 4200 sumne
909 4146 943 4200 et
962 4138 997 4200 iu
1015 4140 1179 4222 regionem
1199 4141 1333 4204 alterins
1349 4157 1433 4204 ouu-

263 4238 393 4304 ditiunis
412 4241 601 4324 inuidimns;
624 4251 699 4306 nam‘
714 4243 748 4305 in
768 4251 941 4305 torrentem
964 4259 1133 4308 arenosum
1155 4246 1304 4310 venimus
1322 4253 1356 4308 et
1374 4263 1434 4327 per

262 4355 389 4412 montes
406 4365 510 4412 novos
532 4348 564 4410 in
581 4356 772 4431 tempestate
789 4346 893 4412 laotos
912 4349 1120 4420 ascendimus
1146 4369 1218 4415 eum
1238 4351 1434 4416 dillleultate
1535 4346 1539 4354 “
