<?xml version="1.0" encoding="UTF-8"?>
<!DOCTYPE html PUBLIC "-//W3C//DTD XHTML 1.0 Transitional//EN"
    "http://www.w3.org/TR/xhtml1/DTD/xhtml1-transitional.dtd">
<html xmlns="http://www.w3.org/1999/xhtml" xml:lang="en" lang="en">
 <head>
  <title>
</title>
<meta http-equiv="Content-Type" content="text/html;charset=utf-8" />
  <meta name='ocr-system' content='tesseract 3.04.00' />
  <meta name='ocr-capabilities' content='ocr_page ocr_carea ocr_par ocr_line ocrx_word'/>
</head>
<body>
  <div class='ocr_page' id='page_1' title='image "./fratrisfelicisf04fabrgoog_0024.png"; bbox 0 0 3132 5206; ppageno 0'>
   <div class='ocr_carea' id='block_1_1' title="bbox 231 411 1403 1128">
    <p class='ocr_par' dir='ltr' id='par_1_1' title="bbox 232 411 1402 819">
     <span class='ocr_line' id='line_1_1' title="bbox 313 411 1400 486; baseline -0.006 1"><span class='ocrx_word' id='word_1_1' title='bbox 313 421 470 486; x_wconf 82' lang='lat' dir='ltr'><strong>XXXIV.</strong></span> <span class='ocrx_word' id='word_1_2' title='bbox 511 421 575 486; x_wconf 77' lang='lat' dir='ltr'><strong>nst</strong></span> <span class='ocrx_word' id='word_1_3' title='bbox 595 417 791 486; x_wconf 76' lang='lat' dir='ltr'><strong>honorentur</strong></span> <span class='ocrx_word' id='word_1_4' title='bbox 818 414 969 480; x_wconf 81' lang='lat' dir='ltr'><strong>omuibus</strong></span> <span class='ocrx_word' id='word_1_5' title='bbox 988 411 1181 478; x_wconf 77' lang='lat' dir='ltr'><strong>huminibus.</strong></span> <span class='ocrx_word' id='word_1_6' title='bbox 1227 412 1314 478; x_wconf 85' lang='lat' dir='ltr'><strong>Nsm</strong></span> <span class='ocrx_word' id='word_1_7' title='bbox 1338 416 1400 480; x_wconf 92' lang='lat' dir='ltr'><strong>Iros</strong></span> 
     </span>
     <span class='ocr_line' id='line_1_2' title="bbox 232 519 1402 608; baseline -0.007 -16"><span class='ocrx_word' id='word_1_8' title='bbox 232 525 351 592; x_wconf 82' lang='lat' dir='ltr'><strong>milites</strong></span> <span class='ocrx_word' id='word_1_9' title='bbox 371 528 549 608; x_wconf 69' lang='lat' dir='ltr'><strong>Imperator</strong></span> <span class='ocrx_word' id='word_1_10' title='bbox 570 526 717 606; x_wconf 78' lang='lat' dir='ltr'><strong>honoret,</strong></span> <span class='ocrx_word' id='word_1_11' title='bbox 738 537 854 604; x_wconf 78' lang='lat' dir='ltr'><strong>reges,</strong></span> <span class='ocrx_word' id='word_1_12' title='bbox 876 520 1057 603; x_wconf 77' lang='lat' dir='ltr'><strong>prinsipes,</strong></span> <span class='ocrx_word' id='word_1_13' title='bbox 1077 519 1214 583; x_wconf 88' lang='lat' dir='ltr'><strong>oomites</strong></span> <span class='ocrx_word' id='word_1_14' title='bbox 1243 529 1277 582; x_wconf 85' lang='lat' dir='ltr'><strong>et</strong></span> <span class='ocrx_word' id='word_1_15' title='bbox 1305 521 1402 584; x_wconf 77' lang='lat' dir='ltr'><strong>lrsro-</strong></span> 
     </span>
     <span class='ocr_line' id='line_1_3' title="bbox 233 624 1402 714; baseline -0.003 -20"><span class='ocrx_word' id='word_1_16' title='bbox 233 648 314 714; x_wconf 87' lang='lat' dir='ltr'><strong>nes,</strong></span> <span class='ocrx_word' id='word_1_17' title='bbox 346 630 493 696; x_wconf 87' lang='lat' dir='ltr'><strong>similiter</strong></span> <span class='ocrx_word' id='word_1_18' title='bbox 520 629 619 713; x_wconf 84' lang='lat' dir='ltr'><strong>Pops,</strong></span> <span class='ocrx_word' id='word_1_19' title='bbox 639 625 833 709; x_wconf 79' lang='lat' dir='ltr'><strong>oerutnoles,</strong></span> <span class='ocrx_word' id='word_1_20' title='bbox 856 625 1018 707; x_wconf 77' lang='lat' dir='ltr'><strong>episcopi,</strong></span> <span class='ocrx_word' id='word_1_21' title='bbox 1049 633 1083 688; x_wconf 90' lang='lat' dir='ltr'><strong>et</strong></span> <span class='ocrx_word' id='word_1_22' title='bbox 1103 627 1209 689; x_wconf 84' lang='lat' dir='ltr'><strong>omnis</strong></span> <span class='ocrx_word' id='word_1_23' title='bbox 1239 624 1348 690; x_wconf 87' lang='lat' dir='ltr'><strong>olerus</strong></span> <span class='ocrx_word' id='word_1_24' title='bbox 1368 635 1402 690; x_wconf 88' lang='lat' dir='ltr'><strong>et</strong></span> 
     </span>
     <span class='ocr_line' id='line_1_4' title="bbox 232 728 1112 819; baseline -0.007 -21"><span class='ocrx_word' id='word_1_25' title='bbox 232 734 388 819; x_wconf 67' lang='lat' dir='ltr'><strong>religiosi,</strong></span> <span class='ocrx_word' id='word_1_26' title='bbox 411 733 530 816; x_wconf 70' lang='lat' dir='ltr'><strong>plebeii</strong></span> <span class='ocrx_word' id='word_1_27' title='bbox 552 744 586 798; x_wconf 86' lang='lat' dir='ltr'><strong>et</strong></span> <span class='ocrx_word' id='word_1_28' title='bbox 604 732 772 817; x_wconf 78' lang='lat' dir='ltr'><strong>vulgares,</strong></span> <span class='ocrx_word' id='word_1_29' title='bbox 793 745 892 793; x_wconf 79' lang='lat' dir='ltr'><strong>senes</strong></span> <span class='ocrx_word' id='word_1_30' title='bbox 913 737 947 791; x_wconf 87' lang='lat' dir='ltr'><strong>ot</strong></span> <span class='ocrx_word' id='word_1_31' title='bbox 962 728 1112 811; x_wconf 79' lang='lat' dir='ltr'><strong>J&#39;uveues.</strong></span> 
     </span>
    </p>

    <p class='ocr_par' dir='ltr' id='par_1_2' title="bbox 231 833 1403 1128">
     <span class='ocr_line' id='line_1_5' title="bbox 314 833 1403 918; baseline -0.003 -17"><span class='ocrx_word' id='word_1_32' title='bbox 314 838 453 901; x_wconf 86' lang='lat' dir='ltr'><strong>XXXV.</strong></span> <span class='ocrx_word' id='word_1_33' title='bbox 499 839 616 902; x_wconf 82' lang='lat' dir='ltr'><strong>Ililitis</strong></span> <span class='ocrx_word' id='word_1_34' title='bbox 641 845 753 902; x_wconf 83' lang='lat' dir='ltr'><strong>nostro</strong></span> <span class='ocrx_word' id='word_1_35' title='bbox 774 833 945 917; x_wconf 73' lang='lat' dir='ltr'><strong>pretiosior</strong></span> <span class='ocrx_word' id='word_1_36' title='bbox 975 841 1045 916; x_wconf 90' lang='lat' dir='ltr'><strong>est,</strong></span> <span class='ocrx_word' id='word_1_37' title='bbox 1066 835 1145 918; x_wconf 84' lang='lat' dir='ltr'><strong>quis</strong></span> <span class='ocrx_word' id='word_1_38' title='bbox 1165 833 1277 916; x_wconf 79' lang='lat' dir='ltr'><strong>mojori</strong></span> <span class='ocrx_word' id='word_1_39' title='bbox 1297 837 1403 917; x_wconf 79' lang='lat' dir='ltr'><strong>pretio</strong></span> 
     </span>
     <span class='ocr_line' id='line_1_6' title="bbox 231 936 1403 1027; baseline -0.003 -20"><span class='ocrx_word' id='word_1_40' title='bbox 231 953 266 1007; x_wconf 81' lang='lat' dir='ltr'><strong>et</strong></span> <span class='ocrx_word' id='word_1_41' title='bbox 286 941 431 1027; x_wconf 76' lang='lat' dir='ltr'><strong>pluribus</strong></span> <span class='ocrx_word' id='word_1_42' title='bbox 452 939 608 1022; x_wconf 85' lang='lat' dir='ltr'><strong>expensis</strong></span> <span class='ocrx_word' id='word_1_43' title='bbox 620 940 807 1024; x_wconf 74' lang='lat' dir='ltr'><strong>aequiritur,</strong></span> <span class='ocrx_word' id='word_1_44' title='bbox 828 936 1020 1021; x_wconf 69' lang='lat' dir='ltr'><strong>praesertin</strong></span> <span class='ocrx_word' id='word_1_45' title='bbox 1032 937 1066 1002; x_wconf 85' lang='lat' dir='ltr'><strong>si</strong></span> <span class='ocrx_word' id='word_1_46' title='bbox 1074 938 1167 1002; x_wconf 87' lang='lat' dir='ltr'><strong>miles</strong></span> <span class='ocrx_word' id='word_1_47' title='bbox 1178 943 1403 1024; x_wconf 80' lang='lat' dir='ltr'><strong>peregrinetur</strong></span> 
     </span>
     <span class='ocr_line' id='line_1_7' title="bbox 231 1041 1403 1128; baseline -0.002 -18"><span class='ocrx_word' id='word_1_48' title='bbox 231 1045 275 1110; x_wconf 84' lang='lat' dir='ltr'><strong>srl</strong></span> <span class='ocrx_word' id='word_1_49' title='bbox 295 1054 444 1110; x_wconf 83' lang='lat' dir='ltr'><strong>ssuotsm</strong></span> <span class='ocrx_word' id='word_1_50' title='bbox 460 1043 680 1110; x_wconf 82' lang='lat' dir='ltr'><strong>Cstlrsriusm.</strong></span> <span class='ocrx_word' id='word_1_51' title='bbox 723 1044 796 1108; x_wconf 82' lang='lat' dir='ltr'><strong>Iltsi</strong></span> <span class='ocrx_word' id='word_1_52' title='bbox 816 1043 851 1106; x_wconf 91' lang='lat' dir='ltr'><strong>irr</strong></span> <span class='ocrx_word' id='word_1_53' title='bbox 872 1041 936 1106; x_wconf 82' lang='lat' dir='ltr'><strong>olle</strong></span> <span class='ocrx_word' id='word_1_54' title='bbox 957 1041 1071 1106; x_wconf 75' lang='lat' dir='ltr'><strong>militie</strong></span> <span class='ocrx_word' id='word_1_55' title='bbox 1089 1043 1191 1125; x_wconf 74' lang='lat' dir='ltr'><strong>major</strong></span> <span class='ocrx_word' id='word_1_56' title='bbox 1211 1044 1403 1128; x_wconf 68' lang='lat' dir='ltr'>expenditur</span> 
     </span>
    </p>
   </div>
   <div class='ocr_carea' id='block_1_2' title="bbox 127 1134 1402 1234">
    <p class='ocr_par' dir='ltr' id='par_1_3' title="bbox 127 1134 1402 1234">
     <span class='ocr_line' id='line_1_8' title="bbox 127 1134 1402 1234; baseline -0.002 -20"><span class='ocrx_word' id='word_1_57' title='bbox 127 1134 142 1161; x_wconf 69' lang='lat'><strong>⁹</strong></span> <span class='ocrx_word' id='word_1_58' title='bbox 232 1153 381 1234; x_wconf 81' lang='lat' dir='ltr'><strong>peouniu,</strong></span> <span class='ocrx_word' id='word_1_59' title='bbox 402 1150 467 1213; x_wconf 88' lang='lat' dir='ltr'><strong>hoo</strong></span> <span class='ocrx_word' id='word_1_60' title='bbox 488 1149 525 1213; x_wconf 89' lang='lat' dir='ltr'><strong>llt</strong></span> <span class='ocrx_word' id='word_1_61' title='bbox 544 1148 599 1211; x_wconf 84' lang='lat' dir='ltr'><strong>vol</strong></span> <span class='ocrx_word' id='word_1_62' title='bbox 620 1148 785 1230; x_wconf 70' lang='lat' dir='ltr'><strong>inutiliter,</strong></span> <span class='ocrx_word' id='word_1_63' title='bbox 805 1145 861 1210; x_wconf 87' lang='lat' dir='ltr'><strong>vol</strong></span> <span class='ocrx_word' id='word_1_64' title='bbox 881 1145 925 1210; x_wconf 80' lang='lat' dir='ltr'><strong>srl</strong></span> <span class='ocrx_word' id='word_1_65' title='bbox 944 1144 1143 1210; x_wconf 78' lang='lat' dir='ltr'><strong>soeoulsreur</strong></span> <span class='ocrx_word' id='word_1_66' title='bbox 1165 1166 1325 1233; x_wconf 67' lang='lat' dir='ltr'><strong>pomponi,</strong></span> <span class='ocrx_word' id='word_1_67' title='bbox 1347 1150 1402 1214; x_wconf 90' lang='lat' dir='ltr'><strong>vel</strong></span> 
     </span>
    </p>
   </div>
   <div class='ocr_carea' id='block_1_3' title="bbox 144 1251 1403 2383">
    <p class='ocr_par' dir='ltr' id='par_1_4' title="bbox 232 1251 1401 1338">
     <span class='ocr_line' id='line_1_9' title="bbox 232 1251 1401 1338; baseline 0.001 -22"><span class='ocrx_word' id='word_1_68' title='bbox 232 1273 275 1320; x_wconf 82' lang='lat' dir='ltr'><strong>ex</strong></span> <span class='ocrx_word' id='word_1_69' title='bbox 294 1253 533 1338; x_wconf 73' lang='lat' dir='ltr'><strong>prodigalitate,</strong></span> <span class='ocrx_word' id='word_1_70' title='bbox 553 1252 641 1335; x_wconf 81' lang='lat' dir='ltr'><strong>quod</strong></span> <span class='ocrx_word' id='word_1_71' title='bbox 662 1261 763 1316; x_wconf 88' lang='lat' dir='ltr'><strong>totum</strong></span> <span class='ocrx_word' id='word_1_72' title='bbox 785 1267 850 1315; x_wconf 93' lang='lat' dir='ltr'><strong>non</strong></span> <span class='ocrx_word' id='word_1_73' title='bbox 870 1251 968 1317; x_wconf 67' lang='lat' dir='ltr'><strong>hebet</strong></span> <span class='ocrx_word' id='word_1_74' title='bbox 985 1251 1091 1315; x_wconf 88' lang='lat' dir='ltr'><strong>leoum</strong></span> <span class='ocrx_word' id='word_1_75' title='bbox 1110 1253 1268 1317; x_wconf 76' lang='lat' dir='ltr'><strong>innostro</strong></span> <span class='ocrx_word' id='word_1_76' title='bbox 1277 1253 1401 1317; x_wconf 83' lang='lat' dir='ltr'><strong>militis.</strong></span> 
     </span>
    </p>

    <p class='ocr_par' dir='ltr' id='par_1_5' title="bbox 232 1355 1403 1738">
     <span class='ocr_line' id='line_1_10' title="bbox 316 1355 1403 1439; baseline 0.001 -19"><span class='ocrx_word' id='word_1_77' title='bbox 316 1356 473 1421; x_wconf 82' lang='lat' dir='ltr'><strong>xxxvl.</strong></span> <span class='ocrx_word' id='word_1_78' title='bbox 519 1355 644 1420; x_wconf 83' lang='lat' dir='ltr'><strong>Nostro</strong></span> <span class='ocrx_word' id='word_1_79' title='bbox 665 1356 778 1420; x_wconf 84' lang='lat' dir='ltr'><strong>militie</strong></span> <span class='ocrx_word' id='word_1_80' title='bbox 798 1363 851 1418; x_wconf 86' lang='lat' dir='ltr'><strong>est</strong></span> <span class='ocrx_word' id='word_1_81' title='bbox 871 1357 976 1439; x_wconf 70' lang='lat' dir='ltr'><strong>magis</strong></span> <span class='ocrx_word' id='word_1_82' title='bbox 1002 1355 1252 1439; x_wconf 79' lang='lat' dir='ltr'><strong>disoiplinotirrn.</strong></span> <span class='ocrx_word' id='word_1_83' title='bbox 1296 1357 1403 1422; x_wconf 82' lang='lat' dir='ltr'><strong>Vide-</strong></span> 
     </span>
     <span class='ocr_line' id='line_1_11' title="bbox 233 1459 1403 1546; baseline -0.005 -16"><span class='ocrx_word' id='word_1_84' title='bbox 233 1479 306 1530; x_wconf 87' lang='lat' dir='ltr'><strong>rrrus</strong></span> <span class='ocrx_word' id='word_1_85' title='bbox 326 1463 412 1525; x_wconf 89' lang='lat' dir='ltr'><strong>enim</strong></span> <span class='ocrx_word' id='word_1_86' title='bbox 437 1461 659 1545; x_wconf 86' lang='lat' dir='ltr'><strong>oornmuuite&#39;r,</strong></span> <span class='ocrx_word' id='word_1_87' title='bbox 682 1459 768 1543; x_wconf 86' lang='lat' dir='ltr'><strong>quorl</strong></span> <span class='ocrx_word' id='word_1_88' title='bbox 777 1459 896 1522; x_wconf 87' lang='lat' dir='ltr'><strong>milites</strong></span> <span class='ocrx_word' id='word_1_89' title='bbox 911 1460 1020 1524; x_wconf 79' lang='lat' dir='ltr'><strong>saneti</strong></span> <span class='ocrx_word' id='word_1_90' title='bbox 1031 1460 1197 1543; x_wconf 77' lang='lat' dir='ltr'><strong>sepulchri</strong></span> <span class='ocrx_word' id='word_1_91' title='bbox 1206 1468 1285 1524; x_wconf 89' lang='lat' dir='ltr'><strong>sunt</strong></span> <span class='ocrx_word' id='word_1_92' title='bbox 1297 1464 1403 1546; x_wconf 63' lang='lat' dir='ltr'><strong>magis</strong></span> 
     </span>
     <span class='ocr_line' id='line_1_12' title="bbox 232 1563 1403 1651; baseline 0.002 -21"><span class='ocrx_word' id='word_1_93' title='bbox 232 1565 371 1630; x_wconf 76' lang='lat' dir='ltr'><strong>modesti</strong></span> <span class='ocrx_word' id='word_1_94' title='bbox 390 1573 425 1628; x_wconf 87' lang='lat' dir='ltr'><strong>et</strong></span> <span class='ocrx_word' id='word_1_95' title='bbox 446 1565 654 1650; x_wconf 79' lang='lat' dir='ltr'><strong>disoiplinsti,</strong></span> <span class='ocrx_word' id='word_1_96' title='bbox 686 1565 804 1630; x_wconf 85' lang='lat' dir='ltr'><strong>seriosi</strong></span> <span class='ocrx_word' id='word_1_97' title='bbox 824 1572 859 1627; x_wconf 89' lang='lat' dir='ltr'><strong>et</strong></span> <span class='ocrx_word' id='word_1_98' title='bbox 880 1563 997 1628; x_wconf 86' lang='lat' dir='ltr'><strong>melius</strong></span> <span class='ocrx_word' id='word_1_99' title='bbox 1018 1567 1215 1651; x_wconf 82' lang='lat' dir='ltr'><strong>morigersti,</strong></span> <span class='ocrx_word' id='word_1_100' title='bbox 1236 1585 1334 1651; x_wconf 76' lang='lat' dir='ltr'><strong>quom</strong></span> <span class='ocrx_word' id='word_1_101' title='bbox 1355 1567 1403 1632; x_wconf 91' lang='lat' dir='ltr'><strong>illi</strong></span> 
     </span>
     <span class='ocr_line' id='line_1_13' title="bbox 232 1669 543 1738; baseline 0.006 -2"><span class='ocrx_word' id='word_1_102' title='bbox 232 1670 354 1736; x_wconf 80' lang='lat' dir='ltr'><strong>milites</strong></span> <span class='ocrx_word' id='word_1_103' title='bbox 375 1669 543 1738; x_wconf 83' lang='lat' dir='ltr'><strong>bellorum.</strong></span> 
     </span>
    </p>

    <p class='ocr_par' dir='ltr' id='par_1_6' title="bbox 144 1773 1403 2383">
     <span class='ocr_line' id='line_1_14' title="bbox 316 1773 1403 1842; baseline 0.002 -4"><span class='ocrx_word' id='word_1_104' title='bbox 316 1774 487 1838; x_wconf 84' lang='lat' dir='ltr'><strong>XXXVII.</strong></span> <span class='ocrx_word' id='word_1_105' title='bbox 532 1775 593 1840; x_wconf 76' lang='lat' dir='ltr'><strong>nso</strong></span> <span class='ocrx_word' id='word_1_106' title='bbox 621 1784 733 1840; x_wconf 80' lang='lat' dir='ltr'><strong>nostre</strong></span> <span class='ocrx_word' id='word_1_107' title='bbox 762 1775 877 1839; x_wconf 84' lang='lat' dir='ltr'><strong>militie</strong></span> <span class='ocrx_word' id='word_1_108' title='bbox 910 1773 1104 1838; x_wconf 77' lang='lat' dir='ltr'><strong>fructuosior</strong></span> <span class='ocrx_word' id='word_1_109' title='bbox 1130 1775 1240 1840; x_wconf 87' lang='lat' dir='ltr'><strong>multis</strong></span> <span class='ocrx_word' id='word_1_110' title='bbox 1273 1777 1340 1842; x_wconf 86' lang='lat' dir='ltr'><strong>viIs</strong></span> <span class='ocrx_word' id='word_1_111' title='bbox 1368 1787 1403 1840; x_wconf 82' lang='lat' dir='ltr'><strong>et</strong></span> 
     </span>
     <span class='ocr_line' id='line_1_15' title="bbox 233 1877 1402 1963; baseline 0.001 -19"><span class='ocrx_word' id='word_1_112' title='bbox 233 1879 348 1944; x_wconf 66' lang='lat' dir='ltr'><strong>modin</strong></span> <span class='ocrx_word' id='word_1_113' title='bbox 391 1881 429 1942; x_wconf 90' lang='lat' dir='ltr'><strong>In</strong></span> <span class='ocrx_word' id='word_1_114' title='bbox 440 1879 554 1944; x_wconf 76' lang='lat' dir='ltr'><strong>mititte</strong></span> <span class='ocrx_word' id='word_1_115' title='bbox 572 1881 658 1944; x_wconf 88' lang='lat' dir='ltr'><strong>enlm</strong></span> <span class='ocrx_word' id='word_1_116' title='bbox 678 1888 790 1944; x_wconf 82' lang='lat' dir='ltr'><strong>nostro</strong></span> <span class='ocrx_word' id='word_1_117' title='bbox 807 1877 901 1942; x_wconf 84' lang='lat' dir='ltr'><strong>miles</strong></span> <span class='ocrx_word' id='word_1_118' title='bbox 922 1879 1049 1963; x_wconf 73' lang='lat' dir='ltr'><strong>alesque</strong></span> <span class='ocrx_word' id='word_1_119' title='bbox 1066 1880 1157 1944; x_wconf 80' lang='lat' dir='ltr'><strong>libris</strong></span> <span class='ocrx_word' id='word_1_120' title='bbox 1172 1880 1281 1945; x_wconf 84' lang='lat' dir='ltr'><strong>sturlet</strong></span> <span class='ocrx_word' id='word_1_121' title='bbox 1299 1882 1402 1945; x_wconf 84' lang='lat' dir='ltr'><strong>multu</strong></span> 
     </span>
     <span class='ocr_line' id='line_1_16' title="bbox 233 1984 1402 2066; baseline -0.002 -14"><span class='ocrx_word' id='word_1_122' title='bbox 233 1985 356 2052; x_wconf 79' lang='lat' dir='ltr'><strong>ueteris</strong></span> <span class='ocrx_word' id='word_1_123' title='bbox 381 1991 416 2046; x_wconf 87' lang='lat' dir='ltr'><strong>et</strong></span> <span class='ocrx_word' id='word_1_124' title='bbox 436 1985 515 2047; x_wconf 87' lang='lat' dir='ltr'><strong>oevi</strong></span> <span class='ocrx_word' id='word_1_125' title='bbox 536 1985 727 2048; x_wconf 71' lang='lat' dir='ltr'><strong>testamenti</strong></span> <span class='ocrx_word' id='word_1_126' title='bbox 746 1984 845 2066; x_wconf 77' lang='lat' dir='ltr'><strong>Iuots,</strong></span> <span class='ocrx_word' id='word_1_127' title='bbox 865 1999 940 2048; x_wconf 87' lang='lat' dir='ltr'><strong>oum</strong></span> <span class='ocrx_word' id='word_1_128' title='bbox 961 2003 1020 2066; x_wconf 80' lang='lat' dir='ltr'><strong>por</strong></span> <span class='ocrx_word' id='word_1_129' title='bbox 1040 1984 1113 2049; x_wconf 80' lang='lat' dir='ltr'><strong>loos</strong></span> <span class='ocrx_word' id='word_1_130' title='bbox 1131 1993 1246 2050; x_wconf 81' lang='lat' dir='ltr'><strong>ssnoto</strong></span> <span class='ocrx_word' id='word_1_131' title='bbox 1260 1985 1402 2050; x_wconf 84' lang='lat' dir='ltr'><strong>oiroum·</strong></span> 
     </span>
     <span class='ocr_line' id='line_1_17' title="bbox 234 2087 1402 2174; baseline 0.003 -22"><span class='ocrx_word' id='word_1_132' title='bbox 234 2088 372 2152; x_wconf 80' lang='lat' dir='ltr'><strong>oluoitur.</strong></span> <span class='ocrx_word' id='word_1_133' title='bbox 427 2087 509 2152; x_wconf 86' lang='lat' dir='ltr'><strong>Inde</strong></span> <span class='ocrx_word' id='word_1_134' title='bbox 526 2097 595 2172; x_wconf 89' lang='lat' dir='ltr'><strong>est,</strong></span> <span class='ocrx_word' id='word_1_135' title='bbox 617 2087 704 2173; x_wconf 84' lang='lat' dir='ltr'><strong>quod</strong></span> <span class='ocrx_word' id='word_1_136' title='bbox 733 2089 855 2152; x_wconf 75' lang='lat' dir='ltr'><strong>milites</strong></span> <span class='ocrx_word' id='word_1_137' title='bbox 884 2087 932 2151; x_wconf 87' lang='lat' dir='ltr'><strong>illl</strong></span> <span class='ocrx_word' id='word_1_138' title='bbox 957 2098 992 2152; x_wconf 92' lang='lat' dir='ltr'><strong>ut</strong></span> <span class='ocrx_word' id='word_1_139' title='bbox 1019 2091 1232 2154; x_wconf 87' lang='lat' dir='ltr'><strong>oommuuiter</strong></span> <span class='ocrx_word' id='word_1_140' title='bbox 1263 2092 1338 2174; x_wconf 79' lang='lat' dir='ltr'><strong>plum</strong></span> <span class='ocrx_word' id='word_1_141' title='bbox 1364 2097 1402 2156; x_wconf 79' lang='lat' dir='ltr'><strong>et</strong></span> 
     </span>
     <span class='ocr_line' id='line_1_18' title="bbox 144 2186 1401 2278; baseline 0.001 -21"><span class='ocrx_word' id='word_1_142' title='bbox 144 2191 149 2199; x_wconf 89' lang='lat'>&#39;</span> <span class='ocrx_word' id='word_1_143' title='bbox 234 2192 355 2258; x_wconf 71' lang='lat' dir='ltr'><strong>olarios</strong></span> <span class='ocrx_word' id='word_1_144' title='bbox 383 2202 418 2256; x_wconf 86' lang='lat' dir='ltr'><strong>et</strong></span> <span class='ocrx_word' id='word_1_145' title='bbox 429 2193 550 2258; x_wconf 86' lang='lat' dir='ltr'><strong>oertius</strong></span> <span class='ocrx_word' id='word_1_146' title='bbox 568 2195 677 2258; x_wconf 79' lang='lat' dir='ltr'><strong>seium</strong></span> <span class='ocrx_word' id='word_1_147' title='bbox 701 2191 791 2277; x_wconf 87' lang='lat' dir='ltr'><strong>loqui</strong></span> <span class='ocrx_word' id='word_1_148' title='bbox 809 2191 850 2256; x_wconf 87' lang='lat' dir='ltr'><strong>de</strong></span> <span class='ocrx_word' id='word_1_149' title='bbox 867 2191 1012 2258; x_wconf 84' lang='lat' dir='ltr'><strong>historiis</strong></span> <span class='ocrx_word' id='word_1_150' title='bbox 1026 2186 1161 2277; x_wconf 69' lang='lat' dir='ltr'><strong>noune,</strong></span> <span class='ocrx_word' id='word_1_151' title='bbox 1183 2193 1225 2258; x_wconf 84' lang='lat' dir='ltr'><strong>do</strong></span> <span class='ocrx_word' id='word_1_152' title='bbox 1244 2197 1401 2278; x_wconf 74' lang='lat' dir='ltr'><strong>passione</strong></span> 
     </span>
     <span class='ocr_line' id='line_1_19' title="bbox 234 2296 1399 2383; baseline 0.002 -21"><span class='ocrx_word' id='word_1_153' title='bbox 234 2299 375 2382; x_wconf 83' lang='lat' dir='ltr'><strong>Domini,</strong></span> <span class='ocrx_word' id='word_1_154' title='bbox 397 2297 483 2364; x_wconf 83' lang='lat' dir='ltr'><strong>etde</strong></span> <span class='ocrx_word' id='word_1_155' title='bbox 493 2298 577 2380; x_wconf 77' lang='lat' dir='ltr'><strong>eliis,</strong></span> <span class='ocrx_word' id='word_1_156' title='bbox 601 2315 697 2383; x_wconf 85' lang='lat' dir='ltr'><strong>quom</strong></span> <span class='ocrx_word' id='word_1_157' title='bbox 720 2296 813 2361; x_wconf 91' lang='lat' dir='ltr'><strong>multi</strong></span> <span class='ocrx_word' id='word_1_158' title='bbox 833 2296 1031 2362; x_wconf 78' lang='lat' dir='ltr'><strong>snoerdotes</strong></span> <span class='ocrx_word' id='word_1_159' title='bbox 1073 2298 1399 2381; x_wconf 63' lang='lat' dir='ltr'><strong>vipereorum</strong></span> 
     </span>
    </p>
   </div>
   <div class='ocr_carea' id='block_1_4' title="bbox 236 2400 1533 2488">
    <p class='ocr_par' dir='ltr' id='par_1_7' title="bbox 236 2400 1533 2488">
     <span class='ocr_line' id='line_1_20' title="bbox 236 2400 1533 2488; baseline 0.005 -24"><span class='ocrx_word' id='word_1_160' title='bbox 236 2403 285 2466; x_wconf 86' lang='lat' dir='ltr'><strong>lbi</strong></span> <span class='ocrx_word' id='word_1_161' title='bbox 306 2401 400 2465; x_wconf 89' lang='lat' dir='ltr'><strong>miles</strong></span> <span class='ocrx_word' id='word_1_162' title='bbox 420 2402 530 2465; x_wconf 81' lang='lat' dir='ltr'><strong>multis</strong></span> <span class='ocrx_word' id='word_1_163' title='bbox 548 2403 762 2483; x_wconf 75' lang='lat' dir='ltr'><strong>experientiis</strong></span> <span class='ocrx_word' id='word_1_164' title='bbox 781 2400 924 2484; x_wconf 83' lang='lat' dir='ltr'><strong>prudens</strong></span> <span class='ocrx_word' id='word_1_165' title='bbox 945 2401 1102 2480; x_wconf 80' lang='lat' dir='ltr'><strong>effletur,</strong></span> <span class='ocrx_word' id='word_1_166' title='bbox 1129 2414 1165 2467; x_wconf 94' lang='lat' dir='ltr'><strong>ut</strong></span> <span class='ocrx_word' id='word_1_167' title='bbox 1192 2413 1282 2488; x_wconf 82' lang='lat' dir='ltr'><strong>potet</strong></span> <span class='ocrx_word' id='word_1_168' title='bbox 1300 2408 1336 2468; x_wconf 85' lang='lat' dir='ltr'><strong>In</strong></span> <span class='ocrx_word' id='word_1_169' title='bbox 1356 2405 1401 2470; x_wconf 61' lang='grc' dir='ltr'><strong><em>Η</em></strong></span> <span class='ocrx_word' id='word_1_170' title='bbox 1491 2474 1498 2483; x_wconf 76' lang='grc'><strong>,</strong></span> <span class='ocrx_word' id='word_1_171' title='bbox 1528 2425 1533 2436; x_wconf 93' lang='grc'><em>·</em></span> 
     </span>
    </p>
   </div>
   <div class='ocr_carea' id='block_1_5' title="bbox 182 2504 1471 3300">
    <p class='ocr_par' dir='ltr' id='par_1_8' title="bbox 182 2504 1471 3300">
     <span class='ocr_line' id='line_1_21' title="bbox 235 2504 1400 2593; baseline 0.004 -24"><span class='ocrx_word' id='word_1_172' title='bbox 235 2505 382 2572; x_wconf 74' lang='lat' dir='ltr'><strong>mumte.</strong></span> <span class='ocrx_word' id='word_1_173' title='bbox 428 2505 474 2568; x_wconf 87' lang='lat' dir='ltr'><strong>lllt</strong></span> <span class='ocrx_word' id='word_1_174' title='bbox 485 2513 614 2587; x_wconf 74' lang='lat' dir='ltr'><strong>praeter</strong></span> <span class='ocrx_word' id='word_1_175' title='bbox 631 2504 713 2568; x_wconf 75' lang='lat' dir='ltr'><strong>huso</strong></span> <span class='ocrx_word' id='word_1_176' title='bbox 724 2506 770 2567; x_wconf 85' lang='lat' dir='ltr'><strong>lbi</strong></span> <span class='ocrx_word' id='word_1_177' title='bbox 786 2505 974 2588; x_wconf 75' lang='lat' dir='ltr'><strong>conteritur,</strong></span> <span class='ocrx_word' id='word_1_178' title='bbox 988 2507 1169 2591; x_wconf 73' lang='lat' dir='ltr'><strong>confitetur,</strong></span> <span class='ocrx_word' id='word_1_179' title='bbox 1181 2507 1400 2593; x_wconf 76' lang='lat' dir='ltr'><strong>indulgentius</strong></span> 
     </span>
     <span class='ocr_line' id='line_1_22' title="bbox 235 2607 1399 2693; baseline 0.005 -19"><span class='ocrx_word' id='word_1_180' title='bbox 235 2610 480 2693; x_wconf 82' lang='lat' dir='ltr'><strong>eopiosissimus</strong></span> <span class='ocrx_word' id='word_1_181' title='bbox 501 2609 721 2691; x_wconf 85' lang='lat' dir='ltr'><strong>oonseqoitur,</strong></span> <span class='ocrx_word' id='word_1_182' title='bbox 741 2627 784 2670; x_wconf 82' lang='lat' dir='ltr'><strong>ex</strong></span> <span class='ocrx_word' id='word_1_183' title='bbox 805 2607 923 2690; x_wconf 83' lang='lat' dir='ltr'><strong>quibus</strong></span> <span class='ocrx_word' id='word_1_184' title='bbox 950 2613 1097 2676; x_wconf 86' lang='lat' dir='ltr'><strong>omnibus</strong></span> <span class='ocrx_word' id='word_1_185' title='bbox 1126 2611 1246 2678; x_wconf 90' lang='lat' dir='ltr'><strong>multus</strong></span> <span class='ocrx_word' id='word_1_186' title='bbox 1274 2615 1399 2680; x_wconf 78' lang='lat' dir='ltr'><strong>fruetus</strong></span> 
     </span>
     <span class='ocr_line' id='line_1_23' title="bbox 236 2709 1471 2782; baseline -0.002 -3"><span class='ocrx_word' id='word_1_187' title='bbox 236 2715 354 2780; x_wconf 85' lang='lat' dir='ltr'><strong>oresoit</strong></span> <span class='ocrx_word' id='word_1_188' title='bbox 375 2714 409 2776; x_wconf 92' lang='lat' dir='ltr'><strong>in</strong></span> <span class='ocrx_word' id='word_1_189' title='bbox 430 2713 545 2782; x_wconf 75' lang='lat' dir='ltr'><strong>omnin.</strong></span> <span class='ocrx_word' id='word_1_190' title='bbox 588 2711 675 2776; x_wconf 81' lang='lat' dir='ltr'><strong>Vitle</strong></span> <span class='ocrx_word' id='word_1_191' title='bbox 696 2711 751 2775; x_wconf 87' lang='lat' dir='ltr'><strong>l&#39;ol.</strong></span> <span class='ocrx_word' id='word_1_192' title='bbox 771 2712 804 2776; x_wconf 87' lang='grc'><strong>8.</strong></span> <span class='ocrx_word' id='word_1_193' title='bbox 824 2711 867 2773; x_wconf 85' lang='lat' dir='ltr'><strong>A.</strong></span> <span class='ocrx_word' id='word_1_194' title='bbox 1469 2709 1471 2720; x_wconf 88' lang='lat'>&#39;</span> 
     </span>
     <span class='ocr_line' id='line_1_24' title="bbox 182 2816 1399 2904; baseline 0.005 -22"><span class='ocrx_word' id='word_1_195' title='bbox 182 2840 189 2852; x_wconf 95' lang='lat'><em>·</em></span> <span class='ocrx_word' id='word_1_196' title='bbox 318 2818 505 2884; x_wconf 84' lang='lat' dir='ltr'><strong>XXXVIII.</strong></span> <span class='ocrx_word' id='word_1_197' title='bbox 543 2816 663 2882; x_wconf 78' lang='lat' dir='ltr'><strong>Militis</strong></span> <span class='ocrx_word' id='word_1_198' title='bbox 678 2825 790 2880; x_wconf 85' lang='lat' dir='ltr'><strong>nostre</strong></span> <span class='ocrx_word' id='word_1_199' title='bbox 809 2825 862 2880; x_wconf 90' lang='lat' dir='ltr'><strong>est</strong></span> <span class='ocrx_word' id='word_1_200' title='bbox 882 2817 1026 2902; x_wconf 84' lang='lat' dir='ltr'><strong>llrlslr&#39;er,</strong></span> <span class='ocrx_word' id='word_1_201' title='bbox 1049 2821 1126 2904; x_wconf 81' lang='lat' dir='ltr'><strong>quis</strong></span> <span class='ocrx_word' id='word_1_202' title='bbox 1144 2820 1243 2887; x_wconf 75' lang='lat' dir='ltr'><strong>valde</strong></span> <span class='ocrx_word' id='word_1_203' title='bbox 1262 2824 1344 2887; x_wconf 88' lang='lat' dir='ltr'><strong>llrmi</strong></span> <span class='ocrx_word' id='word_1_204' title='bbox 1366 2835 1399 2890; x_wconf 86' lang='lat' dir='ltr'><strong>et</strong></span> 
     </span>
     <span class='ocr_line' id='line_1_25' title="bbox 236 2921 1399 3011; baseline 0.005 -24"><span class='ocrx_word' id='word_1_205' title='bbox 236 2926 313 2994; x_wconf 82' lang='lat' dir='ltr'><strong>troni</strong></span> <span class='ocrx_word' id='word_1_206' title='bbox 334 2922 485 2988; x_wconf 80' lang='lat' dir='ltr'><strong>oetlrolloi</strong></span> <span class='ocrx_word' id='word_1_207' title='bbox 502 2929 583 2986; x_wconf 86' lang='lat' dir='ltr'><strong>suut</strong></span> <span class='ocrx_word' id='word_1_208' title='bbox 603 2922 815 2986; x_wconf 83' lang='lat' dir='ltr'><strong>eommuniter</strong></span> <span class='ocrx_word' id='word_1_209' title='bbox 834 2921 954 2988; x_wconf 83' lang='lat' dir='ltr'><strong>milites</strong></span> <span class='ocrx_word' id='word_1_210' title='bbox 974 2925 1080 2988; x_wconf 84' lang='lat' dir='ltr'><strong>seuotl</strong></span> <span class='ocrx_word' id='word_1_211' title='bbox 1093 2925 1267 3011; x_wconf 79' lang='lat' dir='ltr'><strong>sepulchri,</strong></span> <span class='ocrx_word' id='word_1_212' title='bbox 1287 2928 1399 2993; x_wconf 78' lang='lat' dir='ltr'><strong>violent</strong></span> 
     </span>
     <span class='ocr_line' id='line_1_26' title="bbox 236 3023 1400 3110; baseline 0.006 -18"><span class='ocrx_word' id='word_1_213' title='bbox 236 3029 321 3093; x_wconf 89' lang='lat' dir='ltr'><strong>enim</strong></span> <span class='ocrx_word' id='word_1_214' title='bbox 337 3026 378 3089; x_wconf 81' lang='lat' dir='ltr'><strong>orl</strong></span> <span class='ocrx_word' id='word_1_215' title='bbox 393 3026 536 3110; x_wconf 90' lang='lat' dir='ltr'><strong>oeulum,</strong></span> <span class='ocrx_word' id='word_1_216' title='bbox 557 3024 644 3108; x_wconf 81' lang='lat' dir='ltr'><strong>quotl</strong></span> <span class='ocrx_word' id='word_1_217' title='bbox 664 3035 774 3090; x_wconf 80' lang='lat' dir='ltr'><strong>nostre</strong></span> <span class='ocrx_word' id='word_1_218' title='bbox 794 3023 878 3089; x_wconf 83' lang='lat' dir='ltr'><strong>fides</strong></span> <span class='ocrx_word' id='word_1_219' title='bbox 899 3036 949 3089; x_wconf 83' lang='lat' dir='ltr'><strong>ost</strong></span> <span class='ocrx_word' id='word_1_220' title='bbox 963 3029 1211 3091; x_wconf 81' lang='lat' dir='ltr'><strong>rotiooinelrilior</strong></span> <span class='ocrx_word' id='word_1_221' title='bbox 1225 3042 1257 3093; x_wconf 85' lang='lat' dir='ltr'><strong>et</strong></span> <span class='ocrx_word' id='word_1_222' title='bbox 1271 3035 1400 3100; x_wconf 86' lang='lat' dir='ltr'><strong>virtuo-</strong></span> 
     </span>
     <span class='ocr_line' id='line_1_27' title="bbox 235 3128 1400 3215; baseline 0.005 -19"><span class='ocrx_word' id='word_1_223' title='bbox 235 3135 305 3196; x_wconf 87' lang='lat' dir='ltr'><strong>slor</strong></span> <span class='ocrx_word' id='word_1_224' title='bbox 329 3149 426 3215; x_wconf 85' lang='lat' dir='ltr'><strong>quem</strong></span> <span class='ocrx_word' id='word_1_225' title='bbox 446 3146 712 3215; x_wconf 85' lang='lat' dir='ltr'><strong>quorumeunque</strong></span> <span class='ocrx_word' id='word_1_226' title='bbox 730 3129 884 3211; x_wconf 80' lang='lat' dir='ltr'><strong>ullorum,</strong></span> <span class='ocrx_word' id='word_1_227' title='bbox 916 3128 959 3192; x_wconf 85' lang='lat' dir='ltr'><strong>rle</strong></span> <span class='ocrx_word' id='word_1_228' title='bbox 979 3149 1045 3213; x_wconf 83' lang='lat' dir='ltr'><strong>quo</strong></span> <span class='ocrx_word' id='word_1_229' title='bbox 1065 3128 1130 3192; x_wconf 84' lang='lat' dir='ltr'><strong>ilde</strong></span> <span class='ocrx_word' id='word_1_230' title='bbox 1148 3129 1235 3195; x_wconf 80' lang='lat' dir='ltr'><strong>nulls</strong></span> <span class='ocrx_word' id='word_1_231' title='bbox 1265 3135 1400 3202; x_wconf 83' lang='lat' dir='ltr'><strong>hebetur</strong></span> 
     </span>
     <span class='ocr_line' id='line_1_28' title="bbox 234 3232 597 3300; baseline -0.008 0"><span class='ocrx_word' id='word_1_232' title='bbox 234 3251 315 3300; x_wconf 79' lang='lat' dir='ltr'><strong>oure</strong></span> <span class='ocrx_word' id='word_1_233' title='bbox 335 3235 369 3297; x_wconf 87' lang='lat' dir='ltr'><strong>irr</strong></span> <span class='ocrx_word' id='word_1_234' title='bbox 390 3232 455 3297; x_wconf 83' lang='lat' dir='ltr'><strong>elin</strong></span> <span class='ocrx_word' id='word_1_235' title='bbox 475 3233 597 3297; x_wconf 84' lang='lat' dir='ltr'><strong>militls.</strong></span> 
     </span>
    </p>
   </div>
   <div class='ocr_carea' id='block_1_6' title="bbox 319 3336 1514 3423">
    <p class='ocr_par' dir='ltr' id='par_1_9' title="bbox 319 3336 1514 3423">
     <span class='ocr_line' id='line_1_29' title="bbox 319 3336 1514 3423; baseline 0.008 -21"><span class='ocrx_word' id='word_1_236' title='bbox 319 3339 475 3402; x_wconf 80' lang='lat' dir='ltr'><strong>XXXIX.</strong></span> <span class='ocrx_word' id='word_1_237' title='bbox 516 3337 613 3401; x_wconf 82' lang='lat' dir='ltr'><strong>Petet</strong></span> <span class='ocrx_word' id='word_1_238' title='bbox 631 3357 673 3402; x_wconf 84' lang='lat' dir='ltr'><strong>ex</strong></span> <span class='ocrx_word' id='word_1_239' title='bbox 692 3337 843 3401; x_wconf 81' lang='lat' dir='ltr'><strong>omuibus</strong></span> <span class='ocrx_word' id='word_1_240' title='bbox 863 3336 1028 3421; x_wconf 76' lang='lat' dir='ltr'><strong>prasinis,</strong></span> <span class='ocrx_word' id='word_1_241' title='bbox 1051 3337 1136 3423; x_wconf 85' lang='lat' dir='ltr'><strong>quod</strong></span> <span class='ocrx_word' id='word_1_242' title='bbox 1155 3349 1267 3405; x_wconf 80' lang='lat' dir='ltr'><strong>nostro</strong></span> <span class='ocrx_word' id='word_1_243' title='bbox 1286 3343 1400 3411; x_wconf 81' lang='lat' dir='ltr'><strong>militie</strong></span> <span class='ocrx_word' id='word_1_244' title='bbox 1510 3370 1514 3376; x_wconf 89' lang='lat'><em>·</em></span> 
     </span>
    </p>
   </div>
   <div class='ocr_carea' id='block_1_7' title="bbox 186 3438 1399 4363">
    <p class='ocr_par' dir='ltr' id='par_1_10' title="bbox 235 3438 1399 3733">
     <span class='ocr_line' id='line_1_30' title="bbox 237 3438 1399 3527; baseline 0.007 -19"><span class='ocrx_word' id='word_1_245' title='bbox 237 3451 289 3508; x_wconf 78' lang='lat' dir='ltr'><strong>est</strong></span> <span class='ocrx_word' id='word_1_246' title='bbox 310 3445 417 3527; x_wconf 76' lang='lat' dir='ltr'><strong>mogls</strong></span> <span class='ocrx_word' id='word_1_247' title='bbox 437 3438 600 3506; x_wconf 77' lang='lat' dir='ltr'><strong>meritoris</strong></span> <span class='ocrx_word' id='word_1_248' title='bbox 625 3440 714 3504; x_wconf 75' lang='lat' dir='ltr'><strong>vitoe</strong></span> <span class='ocrx_word' id='word_1_249' title='bbox 738 3447 910 3523; x_wconf 76' lang='lat' dir='ltr'><strong>eeteruse,</strong></span> <span class='ocrx_word' id='word_1_250' title='bbox 942 3459 1041 3524; x_wconf 80' lang='lat' dir='ltr'><strong>quom</strong></span> <span class='ocrx_word' id='word_1_251' title='bbox 1068 3445 1168 3508; x_wconf 82' lang='lat' dir='ltr'><strong>vium</strong></span> <span class='ocrx_word' id='word_1_252' title='bbox 1196 3445 1251 3511; x_wconf 83' lang='lat' dir='ltr'><strong>elii</strong></span> <span class='ocrx_word' id='word_1_253' title='bbox 1280 3450 1399 3516; x_wconf 86' lang='lat' dir='ltr'><strong>milites</strong></span> 
     </span>
     <span class='ocr_line' id='line_1_31' title="bbox 235 3544 1399 3632; baseline 0.008 -20"><span class='ocrx_word' id='word_1_254' title='bbox 235 3565 300 3612; x_wconf 89' lang='lat' dir='ltr'><strong>nen</strong></span> <span class='ocrx_word' id='word_1_255' title='bbox 322 3547 426 3612; x_wconf 86' lang='lat' dir='ltr'><strong>solnm</strong></span> <span class='ocrx_word' id='word_1_256' title='bbox 445 3564 512 3610; x_wconf 92' lang='lat' dir='ltr'><strong>non</strong></span> <span class='ocrx_word' id='word_1_257' title='bbox 540 3553 718 3626; x_wconf 90' lang='lat' dir='ltr'><strong>merentur,</strong></span> <span class='ocrx_word' id='word_1_258' title='bbox 744 3544 814 3609; x_wconf 81' lang='lat' dir='ltr'><strong>seo</strong></span> <span class='ocrx_word' id='word_1_259' title='bbox 840 3545 1057 3632; x_wconf 84' lang='lat' dir='ltr'><strong>demerentur,</strong></span> <span class='ocrx_word' id='word_1_260' title='bbox 1084 3565 1158 3614; x_wconf 88' lang='lat' dir='ltr'><strong>oum</strong></span> <span class='ocrx_word' id='word_1_261' title='bbox 1188 3557 1399 3621; x_wconf 74' lang='lat' dir='ltr'><strong>communiter</strong></span> 
     </span>
     <span class='ocr_line' id='line_1_32' title="bbox 235 3648 848 3733; baseline -0.002 -18"><span class='ocrx_word' id='word_1_262' title='bbox 235 3652 344 3716; x_wconf 83' lang='lat' dir='ltr'><strong>vitiosi</strong></span> <span class='ocrx_word' id='word_1_263' title='bbox 365 3659 459 3715; x_wconf 81' lang='lat' dir='ltr'><strong>notus</strong></span> <span class='ocrx_word' id='word_1_264' title='bbox 480 3648 522 3713; x_wconf 81' lang='lat' dir='ltr'><strong>orl</strong></span> <span class='ocrx_word' id='word_1_265' title='bbox 543 3667 615 3712; x_wconf 81' lang='lat' dir='ltr'><strong>esur</strong></span> <span class='ocrx_word' id='word_1_266' title='bbox 637 3650 848 3733; x_wconf 81' lang='lat' dir='ltr'><strong>requirentur.</strong></span> 
     </span>
    </p>

    <p class='ocr_par' dir='ltr' id='par_1_11' title="bbox 186 3753 1398 4363">
     <span class='ocr_line' id='line_1_33' title="bbox 316 3753 1397 3842; baseline 0.006 -22"><span class='ocrx_word' id='word_1_267' title='bbox 316 3755 378 3820; x_wconf 82' lang='lat' dir='ltr'><strong>XIr</strong></span> <span class='ocrx_word' id='word_1_268' title='bbox 400 3764 434 3819; x_wconf 87' lang='lat' dir='ltr'><strong>st</strong></span> <span class='ocrx_word' id='word_1_269' title='bbox 454 3753 575 3821; x_wconf 80' lang='lat' dir='ltr'><strong>ultlno.</strong></span> <span class='ocrx_word' id='word_1_270' title='bbox 618 3753 735 3818; x_wconf 76' lang='lat' dir='ltr'><strong>Militis</strong></span> <span class='ocrx_word' id='word_1_271' title='bbox 765 3764 875 3819; x_wconf 75' lang='lat' dir='ltr'><strong>nostru</strong></span> <span class='ocrx_word' id='word_1_272' title='bbox 907 3757 1193 3842; x_wconf 68' lang='lat' dir='ltr'><strong>internalymitsno</strong></span> <span class='ocrx_word' id='word_1_273' title='bbox 1224 3771 1275 3826; x_wconf 90' lang='lat' dir='ltr'><strong>est</strong></span> <span class='ocrx_word' id='word_1_274' title='bbox 1314 3763 1397 3826; x_wconf 83' lang='lat' dir='ltr'><strong>lelIx</strong></span> 
     </span>
     <span class='ocr_line' id='line_1_34' title="bbox 233 3857 1397 3946; baseline 0.009 -25"><span class='ocrx_word' id='word_1_275' title='bbox 233 3859 358 3929; x_wconf 77' lang='lat' dir='ltr'><strong>militie.</strong></span> <span class='ocrx_word' id='word_1_276' title='bbox 398 3857 498 3922; x_wconf 79' lang='lat' dir='ltr'><strong>Miles</strong></span> <span class='ocrx_word' id='word_1_277' title='bbox 515 3857 599 3922; x_wconf 82' lang='lat' dir='ltr'><strong>euim</strong></span> <span class='ocrx_word' id='word_1_278' title='bbox 622 3861 732 3922; x_wconf 78' lang='lat' dir='ltr'><strong>senoil</strong></span> <span class='ocrx_word' id='word_1_279' title='bbox 749 3859 913 3943; x_wconf 76' lang='lat' dir='ltr'><strong>sepulolrri</strong></span> <span class='ocrx_word' id='word_1_280' title='bbox 925 3861 959 3924; x_wconf 92' lang='lat' dir='ltr'><strong>iu</strong></span> <span class='ocrx_word' id='word_1_281' title='bbox 975 3863 1235 3946; x_wconf 80' lang='lat' dir='ltr'><strong>peregrinetIone</strong></span> <span class='ocrx_word' id='word_1_282' title='bbox 1250 3869 1397 3931; x_wconf 85' lang='lat' dir='ltr'><strong>existens</strong></span> 
     </span>
     <span class='ocr_line' id='line_1_35' title="bbox 234 3962 1398 4055; baseline 0.008 -30"><span class='ocrx_word' id='word_1_283' title='bbox 234 3963 313 4036; x_wconf 78' lang='lat' dir='ltr'><strong>felix</strong></span> <span class='ocrx_word' id='word_1_284' title='bbox 333 3962 477 4046; x_wconf 80' lang='lat' dir='ltr'><strong>proieoto</strong></span> <span class='ocrx_word' id='word_1_285' title='bbox 499 3971 567 4047; x_wconf 86' lang='lat' dir='ltr'><strong>est,</strong></span> <span class='ocrx_word' id='word_1_286' title='bbox 588 3962 684 4047; x_wconf 82' lang='lat' dir='ltr'><strong>quin,</strong></span> <span class='ocrx_word' id='word_1_287' title='bbox 710 3964 740 4028; x_wconf 87' lang='lat' dir='ltr'><strong>si</strong></span> <span class='ocrx_word' id='word_1_288' title='bbox 758 3965 793 4027; x_wconf 92' lang='lat' dir='ltr'><strong>iu</strong></span> <span class='ocrx_word' id='word_1_289' title='bbox 814 3965 869 4028; x_wconf 81' lang='lat' dir='ltr'><strong>vie</strong></span> <span class='ocrx_word' id='word_1_290' title='bbox 889 3967 1039 4048; x_wconf 87' lang='lat' dir='ltr'><strong>moritur,</strong></span> <span class='ocrx_word' id='word_1_291' title='bbox 1059 3968 1170 4030; x_wconf 81' lang='lat' dir='ltr'><strong>stetim</strong></span> <span class='ocrx_word' id='word_1_292' title='bbox 1192 3969 1315 4055; x_wconf 80' lang='lat' dir='ltr'><strong>evolet,</strong></span> <span class='ocrx_word' id='word_1_293' title='bbox 1336 3987 1398 4034; x_wconf 87' lang='lat' dir='ltr'><strong>neo</strong></span> 
     </span>
     <span class='ocr_line' id='line_1_36' title="bbox 186 4066 1396 4153; baseline -0.002 -18"><span class='ocrx_word' id='word_1_294' title='bbox 186 4129 198 4153; x_wconf 80' lang='grc'><em>,</em></span> <span class='ocrx_word' id='word_1_295' title='bbox 233 4066 451 4152; x_wconf 68' lang='lat' dir='ltr'><strong>purgatorium</strong></span> <span class='ocrx_word' id='word_1_296' title='bbox 471 4067 611 4137; x_wconf 70' lang='lat' dir='ltr'><strong>introbit.</strong></span> <span class='ocrx_word' id='word_1_297' title='bbox 654 4066 743 4132; x_wconf 83' lang='lat' dir='ltr'><strong>Vide</strong></span> <span class='ocrx_word' id='word_1_298' title='bbox 759 4067 800 4130; x_wconf 86' lang='lat' dir='ltr'><strong>rle</strong></span> <span class='ocrx_word' id='word_1_299' title='bbox 821 4069 884 4133; x_wconf 88' lang='lat' dir='ltr'><strong>hoo</strong></span> <span class='ocrx_word' id='word_1_300' title='bbox 903 4077 1052 4134; x_wconf 78' lang='lat' dir='ltr'><strong>ssuoturn</strong></span> <span class='ocrx_word' id='word_1_301' title='bbox 1062 4071 1216 4136; x_wconf 73' lang='lat' dir='ltr'><strong>rhomam</strong></span> <span class='ocrx_word' id='word_1_302' title='bbox 1233 4071 1267 4133; x_wconf 89' lang='lat' dir='ltr'><strong>irr</strong></span> <span class='ocrx_word' id='word_1_303' title='bbox 1281 4069 1343 4148; x_wconf 82' lang='lat' dir='ltr'><strong>Qu.</strong></span> <span class='ocrx_word' id='word_1_304' title='bbox 1354 4069 1396 4134; x_wconf 89' lang='lat' dir='ltr'><strong>V.</strong></span> 
     </span>
     <span class='ocr_line' id='line_1_37' title="bbox 232 4166 1398 4259; baseline 0.003 -25"><span class='ocrx_word' id='word_1_305' title='bbox 232 4166 295 4248; x_wconf 76' lang='lat' dir='ltr'><strong>uo</strong></span> <span class='ocrx_word' id='word_1_306' title='bbox 318 4169 389 4232; x_wconf 81' lang='lat' dir='ltr'><strong>VII</strong></span> <span class='ocrx_word' id='word_1_307' title='bbox 412 4168 444 4232; x_wconf 84' lang='grc'><strong>7.</strong></span> <span class='ocrx_word' id='word_1_308' title='bbox 465 4189 509 4234; x_wconf 85' lang='lat' dir='ltr'><strong>er.</strong></span> <span class='ocrx_word' id='word_1_309' title='bbox 531 4173 563 4238; x_wconf 75' lang='lat'><strong>2.</strong></span> <span class='ocrx_word' id='word_1_310' title='bbox 617 4171 769 4255; x_wconf 83' lang='lat' dir='ltr'><strong>Insuper,</strong></span> <span class='ocrx_word' id='word_1_311' title='bbox 792 4173 877 4238; x_wconf 84' lang='lat' dir='ltr'><strong>slout</strong></span> <span class='ocrx_word' id='word_1_312' title='bbox 905 4172 984 4237; x_wconf 81' lang='lat' dir='ltr'><strong>felix</strong></span> <span class='ocrx_word' id='word_1_313' title='bbox 1005 4182 1073 4258; x_wconf 84' lang='lat' dir='ltr'><strong>est,</strong></span> <span class='ocrx_word' id='word_1_314' title='bbox 1105 4177 1163 4259; x_wconf 88' lang='lat' dir='ltr'><strong>qui</strong></span> <span class='ocrx_word' id='word_1_315' title='bbox 1194 4178 1228 4240; x_wconf 90' lang='lat' dir='ltr'><strong>iu</strong></span> <span class='ocrx_word' id='word_1_316' title='bbox 1255 4191 1398 4259; x_wconf 78' lang='lat' dir='ltr'><strong>superus</strong></span> 
     </span>
     <span class='ocr_line' id='line_1_38' title="bbox 233 4273 1397 4363; baseline 0.003 -23"><span class='ocrx_word' id='word_1_317' title='bbox 233 4273 368 4340; x_wconf 79' lang='lat' dir='ltr'><strong>coelesti</strong></span> <span class='ocrx_word' id='word_1_318' title='bbox 379 4273 562 4342; x_wconf 79' lang='lat' dir='ltr'><strong>Jemsotem</strong></span> <span class='ocrx_word' id='word_1_319' title='bbox 573 4275 676 4340; x_wconf 86' lang='lat' dir='ltr'><strong>ileum</strong></span> <span class='ocrx_word' id='word_1_320' title='bbox 699 4275 943 4363; x_wconf 75' lang='lat' dir='ltr'><strong>contempletur,</strong></span> <span class='ocrx_word' id='word_1_321' title='bbox 965 4279 1016 4342; x_wconf 89' lang='lat' dir='ltr'><strong>sio</strong></span> <span class='ocrx_word' id='word_1_322' title='bbox 1036 4297 1096 4345; x_wconf 89' lang='lat' dir='ltr'><strong>suo</strong></span> <span class='ocrx_word' id='word_1_323' title='bbox 1117 4281 1212 4346; x_wconf 83' lang='lat' dir='ltr'><strong>morlo</strong></span> <span class='ocrx_word' id='word_1_324' title='bbox 1234 4279 1313 4345; x_wconf 81' lang='lat' dir='ltr'><strong>felix</strong></span> <span class='ocrx_word' id='word_1_325' title='bbox 1332 4286 1397 4362; x_wconf 78' lang='lat' dir='ltr'><strong>est,</strong></span> 
     </span>
    </p>
   </div>
   <div class='ocr_carea' id='block_1_8' title="bbox 0 0 1570 5206">
    <p class='ocr_par' dir='ltr' id='par_1_12' title="bbox 0 0 1570 5206">
     <span class='ocr_line' id='line_1_39' title="bbox 0 0 1570 5206; baseline 0 0"><span class='ocrx_word' id='word_1_326' title='bbox 0 0 1570 5206; x_wconf 95' lang='lat' dir='ltr'><strong> </strong></span> 
     </span>
    </p>
   </div>
  </div>
 </body>
</html>
