3202 5218
738 271 802 338 tus

179 465 256 546 qnia
276 459 414 544 Moyses
437 455 563 520 tabnlss
584 454 657 520 illas
679 454 839 538 oonlregit
861 463 893 518 et
923 451 1086 535 scriptum
1120 449 1260 533 amplius
1280 449 1347 533 legi

179 584 243 628 non
264 563 367 646 poluit
378 603 390 637 ,
417 580 478 624 neo
497 563 647 626 iraotoris
669 560 733 624 illis
754 556 897 644 gsndere
922 557 1061 642 populns
1083 555 1211 637 debuit,
1239 563 1348 639 potest

180 671 278 732 etism
301 667 473 749 sustineri,
508 665 595 750 qnod
628 666 757 751 quando
788 669 923 749 Moyses
958 661 1084 726 tabulas
1106 671 1217 746 petrae
1239 659 1348 742 sllislt,

180 772 266 857 qnod
287 791 362 836 mox
383 773 415 833 in
437 770 603 854 pulverem
632 772 776 835 inutilem
808 769 959 834 redaotae
991 767 1132 838 inerunt.
1175 763 1347 828 Secundae

181 885 287 940 autem
311 875 456 958 tabulae,
488 875 529 939 do
563 876 679 960 quibus
712 874 818 939 Exodi
850 875 903 940 34.
939 872 1092 952 habetor,
1128 872 1258 936 luerunt
1289 887 1347 952 per

180 984 329 1068 llloysem
359 981 486 1066 quidem
508 979 636 1044 dolatae
657 989 689 1044 et
711 980 842 1043 exuisse
863 987 895 1042 at
927 997 987 1062 per
1007 977 1070 1040 Dei
1099 976 1232 1061 digitum
1265 992 1348 1038 oon·

180 1087 329 1170 scriptae.
372 1086 492 1150 ludaei
513 1084 640 1169 dicunt,
665 1085 752 1173 quod
772 1084 931 1148 Dominus
963 1080 1105 1147 ostendit
1126 1081 1236 1164 Moysi
1259 1095 1348 1144 mas-

179 1209 250 1254 sam
272 1190 432 1274 sapphiri,
453 1191 495 1254 da
515 1208 580 1274 qna
601 1189 722 1254 dolavit
743 1188 825 1253 duas
845 1188 993 1269 teduine,
1016 1196 1048 1250 et
1071 1172 1112 1250 de
1146 1186 1291 1268 reliquiis
1312 1191 1347 1246 el

183 1298 303 1360 excisis
326 1295 482 1360 irustellis
504 1293 563 1358 luit
584 1296 721 1378 Moyses
750 1292 848 1357 valde
877 1293 1003 1356 ditatus.
1045 1290 1131 1370 Quid
1153 1300 1259 1354 sutem
1283 1291 1347 1352 ista

181 1401 330 1463 veritatis
361 1399 519 1473 habeant,
554 1401 718 1462 committo
749 1397 888 1462 discreto
922 1398 1009 1480 viro;
1042 1396 1163 1460 nullum
1206 1413 1347 1459 errorem

182 1503 359 1586 inducunt,
381 1506 469 1570 siout
489 1522 551 1567 neo
571 1503 720 1568 liotiones
740 1504 902 1588 poeticas,
923 1519 1006 1585 quas
1025 1500 1196 1566 etiamdum
1229 1518 1346 1564 ooour·

181 1616 272 1691 runt,
298 1608 425 1671 induco.

265 1709 512 1796 consequenter
531 1721 643 1776 eontra
666 1713 893 1777 monasterium
914 1710 1121 1774 ssoendimus
1142 1719 1174 1776 et
1205 1709 1346 1778 ostendit

181 1816 275 1878 nobis
299 1815 398 1880 irater
418 1815 616 1880 Nicodamus
638 1826 778 1880 montem
798 1817 1023 1880 oohaerentem
1040 1817 1139 1881 monti
1156 1814 1258 1899 oreb,
1280 1834 1345 1878 non

182 1919 314 1982 multum
344 1921 442 1984 altum
473 1929 622 2003 respectu
655 1921 760 2002 Orel),
792 1929 827 1984 et
848 1919 935 1984 illum
967 1929 1106 1985 montem
1139 1920 1247 1984 dieunt
1270 1939 1345 1983 osse

183 2034 322 2088 montem
338 2026 475 2108 Moysis.
498 2027 536 2088 ln
559 2025 645 2088 hune
663 2032 804 2090 montem
826 2023 972 2088 aseendit
988 2026 1125 2108 Moyses
1146 2045 1218 2090 eum
1234 2026 1345 2089 Aaron

181 2136 216 2192 et
237 2145 308 2192 oum
337 2129 431 2192 Lxx
451 2128 648 2213 sanioribus,
682 2127 810 2211 quando
830 2129 986 2192 videbant
1005 2131 1050 2194 ibi
1065 2131 1167 2194 neum
1190 2131 1291 2195 lsrael
1313 2139 1346 2194 et

179 2235 243 2298 sub
262 2235 399 2318 pedibus
419 2234 491 2318 ejus
512 2236 608 2321 qnasi
627 2251 710 2317 opus
729 2233 849 2315 lapidis
881 2235 1024 2315 sapphiri
1046 2243 1080 2298 et
1098 2237 1191 2319 qussi
1209 2235 1345 2318 eoelum,

35 2349 40 2363 ·
180 2357 253 2402 enm
275 2357 424 2403 serenum
446 2350 517 2423 est,
539 2349 574 2403 ut
595 2339 732 2404 habetur
751 2337 854 2402 Exod.
882 2339 1006 2402 xxiv.
1030 2341 1070 2403 llt
1094 2340 1135 2404 de
1153 2342 1217 2406 hoo
1237 2349 1345 2404 monte

177 2444 290 2527 jussus
312 2455 362 2508 est
383 2446 520 2530 Moyses
540 2447 575 2508 in
595 2451 735 2508 montem
755 2441 841 2506 Orela
862 2442 1053 2528 ascender03
1073 2455 1123 2509 est
1146 2447 1230 2510 enim
1253 2463 1346 2510 mons

182 2549 236 2612 ille
264 2551 297 2612 in
324 2549 474 2613 aoonbitn
502 2549 622 2612 montis
650 2547 736 2611 (laeli
765 2547 807 2610 sd
839 2547 1031 2629 aquilonem.
1083 2549 1135 2613 Ad
1163 2552 1345 2636 peculiares

181 2655 276 2716 etiam
296 2655 457 2717 orationes
479 2666 509 2717 et
531 2654 571 2718 ad
595 2651 811 2737 recipiendum
830 2671 987 2734 responsa
1000 2652 1063 2716 Dei
1082 2655 1113 2716 in
1128 2657 1346 2738 singularibus

182 2757 309 2822 anesis
331 2757 528 2822 adscendere
550 2765 764 2821 consueverat
785 2755 920 2837 Moyses
942 2757 1028 2819 huno
1050 2769 1208 2844 montem,
1225 2762 1258 2823 in
1281 2779 1346 2845 quo

182 2860 323 2925 ereditur
345 2862 502 2926 Dominus
523 2863 584 2926 sibi
606 2881 706 2944 saepe
728 2863 927 2944 apparuisse.
957 2858 1078 2924 Contra
1101 2863 1186 2926 lanato
1206 2874 1345 2927 montem

182 2965 388 3031 adoravimus
410 2979 442 3031 et
465 2968 599 3030 ulterius
619 2968 785 3050 progressi
806 2968 837 3026 in
860 2964 964 3027 locum
987 2967 1234 3050 circumseptum
1251 2968 1347 3030 veni-

182 3089 255 3133 mus
275 3091 375 3155 propo
395 3073 580 3135 monasterii
610 3089 727 3134 muros.
771 3071 819 3133 lbi
848 3076 899 3131 est
922 3068 1051 3132 iratrnm
1083 3071 1267 3134 monasterii
1288 3089 1346 3134 se-

182 3176 319 3258 pultura.
365 3178 401 3240 ln
423 3177 485 3240 hoo
504 3193 582 3259 ergo
601 3175 672 3238 loeo
706 3178 868 3238 orationes
890 3192 948 3256 pro
970 3172 1131 3237 delunotis
1153 3175 1289 3258 legimns
1311 3186 1344 3238 et

181 3289 315 3344 sanotos
349 3281 392 3343 ibi
425 3280 599 3344 tumulatos
632 3281 868 3344 honoravimus.
923 3277 1006 3342 Sunt
1033 3281 1117 3342 enlm
1149 3281 1192 3343 ini
1227 3279 1345 3361 sepulti

180 3382 369 3469 plusquam
392 3405 507 3452 novem
531 3385 630 3449 millia
653 3385 783 3449 iratrnm
821 3386 854 3447 in
895 3382 974 3447 libro
996 3395 1176 3448 conventus
1199 3386 1347 3448 nomina-

182 3489 237 3552 tim
260 3491 530 3573 conscriptorum,
561 3492 646 3555 inter
667 3508 750 3575 quos
775 3509 868 3552 nemo
904 3488 1026 3552 dubitat
1059 3490 1178 3553 mullos
1210 3497 1345 3552 asnoios

181 3589 292 3654 llrisse.
335 3593 387 3656 Da
407 3597 600 3658 coemetario
623 3595 761 3678 ingressi
784 3611 896 3656 sumus
918 3595 1143 3656 monasterium
1167 3599 1200 3655 et
1222 3593 1346 3675 reperi·

181 3714 254 3759 mus
276 3707 516 3779 augmentatum
538 3717 703 3760 nnmerum
721 3698 862 3760 Arabum
882 3698 975 3779 juxto
1006 3715 1075 3760 nos.
1118 3696 1261 3760 Coenam
1284 3713 1345 3759 au-

181 3809 243 3862 tem
267 3805 414 3865 coximus
436 3809 470 3864 et
502 3801 632 3865 fratrem
659 3800 872 3864 Nicodemum
907 3802 1120 3866 invitavimus
1149 3799 1189 3864 ad
1211 3819 1344 3864 coenam

181 3917 332 3988 rogantes
363 3925 454 3988 eum,
486 3915 519 3969 ul
549 3905 734 3989 disponerat
761 3922 833 3968 oum
864 3903 992 3968 domino
1021 3905 1152 3990 abbate,
1184 3915 1344 3989 quotenus

180 4007 233 4072 die
267 4012 407 4074 crastina
439 4009 687 4074 ostenderentur
717 4011 810 4074 nobis
839 4009 994 4094 reliquiae
1017 4007 1053 4074 S.
1089 4009 1286 4074 Catharlnae
1311 4018 1343 4072 et

181 4111 244 4176 alia
264 4127 381 4178 saneta
412 4117 595 4180 monasterii
620 4115 700 4179 loos.
745 4116 787 4179 Et
808 4115 870 4178 hoo
900 4114 1019 4177 laetum
1043 4114 1120 4198 luit,
1152 4121 1188 4177 nt
1210 4114 1342 4195 patebit.

180 4215 304 4279 'l'ristes
327 4225 434 4280 autam
458 4221 554 4282 lrorss
575 4219 741 4299 duximus,
763 4220 840 4304 quis
861 4219 1012 4283 oontinue
1033 4218 1233 4302 augmentari
1256 4214 1344 4280 vidi·

181 4337 252 4380 mus
274 4321 415 4384 Arabum
438 4340 603 4386 numerum
627 4333 741 4386 oontra
762 4341 835 4390 nos.
