3202 5218
687 270 748 334 ott

137 452 231 517 nebia
273 452 308 515 in
349 459 540 534 torrentem,
580 469 658 514 eoae
707 451 816 514 subito
855 467 978 533 onager
1024 467 1157 540 magron
1185 453 1307 540 impetu
1413 439 1416 446 ’

137 566 171 619 et
192 574 289 620 eursu
303 555 513 620 velocissimo
529 552 570 617 de
589 555 674 618 saltu
696 562 808 618 contra
822 571 883 618 uos
905 554 1083 640 deseendit,
1104 575 1144 619 ao
1165 557 1194 620 si
1208 557 1307 622 vellet

136 661 170 721 in
198 661 549 724 nostrum-exereitum
574 663 711 743 irruere,
734 677 800 752 nos
822 667 950 743 antem,
978 661 1033 741 qui
1062 661 1152 743 prius
1185 659 1306 741 nulium

136 764 294 846 vidimus,
318 783 383 827 uon
405 762 491 826 alind
513 765 773 842 aestimavimus,
805 763 871 826 uisi
892 762 977 846 quod
1001 771 1091 826 esset
1110 765 1224 828 asinus
1246 762 1307 827 do-

0 927 1 936 ,
137 869 292 932 mestieus
314 877 346 930 et
376 870 569 932 mirabamur
601 865 642 931 de
668 863 733 942 sua
751 866 898 949 agilitate
916 875 949 930 et
977 853 1189 932 formositate.
1232 867 1304 932 Cu·

0 1027 1 1036 ,
138 973 238 1036 enuit
257 982 365 1036 autem
404 974 582 1056 respiciens
620 973 743 1035 asirros.
761 978 909 1054 nostros,
941 981 1020 1054 puto
1055 981 1186 1053 autem,
1219 971 1305 1054 quod
1406 1001 1410 1009 ·

137 1077 257 1140 coitum
280 1079 488 1160 quaesiverit,
510 1080 586 1161 quia
604 1076 685 1140 alias
698 1095 740 1140 ex
758 1085 873 1139 natura
888 1076 1015 1159 fugiunt
1039 1076 1202 1142 hominum
1223 1093 1305 1140 eon-

137 1181 280 1244 snrtium.
308 1183 425 1246 -Pnrro
447 1182 575 1266 quidem
606 1181 649 1245 de
665 1182 838 1252 „Ambitus
865 1181 1003 1244 bestiam
1030 1180 1186 1244 adlatus
1206 1191 1304 1244 eante

1 1331 2 1344 ,
137 1294 272 1348 secutus
294 1303 367 1350 cnm
388 1304 465 1350 arca
484 1296 514 1348 et
534 1288 654 1369 sagitta
669 1288 842 1350 serrabatur
856 1286 993 1348 bestiam
1013 1286 1182 1368 sagittare,
1199 1287 1306 1349 bestia

137 1397 243 1451 autem
265 1392 299 1452 in
324 1392 564 1474 importunitate
585 1391 729 1478 aufugit,
762 1389 822 1454 aed
843 1390 998 1472 paulatim
1020 1407 1041 1451 a
1065 1397 1223 1473 sequente
1244 1388 1304 1454 de-

0 1533 1 1537 =
136 1491 227 1574 oidit,
247 1495 340 1576 quasi
354 1497 459 1578 ipsum
477 1503 551 1578 post
573 1513 611 1558 se
634 1483 775 1559 traheret
800 1505 838 1558 et.
857 1493 1027 1578 illuderet3
1049 1493 1177 1558 tandem
1196 1501 1305 1558 autem

137 1595 213 1660 dum
234 1598 343 1662 Arabs
364 1599 572 1682 propinquior
593 1607 698 1683 esset,
729 1596 867 1662 tetendit
887 1617 996 1662 areum
1019 1608 1051 1661 et
1070 1600 1206 1660 beatiam
1229 1599 1305 1661 vot-²

0 1744 1 1765 2
137 1703 282 1784 neravit,
315 1721 400 1785 quae
433 1721 507 1765 mox
536 1705 686 1785 sagittam
717 1704 886 1767 exentieus
908 1721 929 1765 a
953 1703 1048 1766 nobis
1068 1719 1126 1783 per
1146 1720 1305 1786 praeceps

139 1803 265 1887 dilapsa
287 1815 356 1888 est,
372 1807 506 1889 juvenis
527 1825 606 1872 vero
628 1809 734 1872 attulit
754 1809 907 1891 sagittam
930 1824 1005 1870 oum
1025 1806 1139 1869 aeuleo
1160 1816 1303 1878 eruente.

0 1980 1 1985 γ
137 1906 215 1971 Non
236 1909 337 1974 multo
364 1918 443 1994 post
466 1910 609 1975 vidimus
626 1915 773 1996 ¹quinque
800 1929 942 1994 suagros
969 1909 1067 1974 simul
1095 1911 1180 1975 inter
1207 1923 1304 1994 rupes

138 2023 317 2084 currentes.
374 2015 568 2090 Naturales,
586 2017 687 2080 muita
720 2017 832 2080 dieunt
866 2015 908 2077 de
945 2033 1076 2098 onagro.
1126 2016 1187 2078 Est
1218 2019 1303 2080 eninr

138 2134 261 2200 onager
278 2119 390 2184 asinus
407 2121 496 2185 ierus
507 2123 581 2185 sive
593 2122 756 2185 silvestris
775 2130 807 2184 et
824 2128 874 2182 est
888 2119 1032 2202 pulcher,
1055 2121 1158 2214 magis
1178 2121 1304 2203 graeile

137 2220 261 2286 habens
291 2235 388 2309 eaput
414 2213 510 2309 quam
533 2226 645 2289 asinus
674 2222 852 2289 eommunis
879 2231 912 2286 et
934 2224 1128 2288 ostentmst
1156 2225 1301 2308 liberum,

136 2325 325 2392 indomitum
347 2337 379 2392 et
401 2329 581 2409 laseivum,
600 2326 752 2398 habitans
767 2327 801 2389 in
822 2328 984 2390 montibus
1005 2335 1040 2390 et
1061 2329 1142 2394 loeis
1164 2330 1302 2394 desertis

0 2478 1 2489 ,
137 2439 169 2492 et
190 2440 240 2494 est
262 2433 360 2496 velox
381 2435 437 2516 ita,
459 2432 545 2526 quod
574 2431 731 2494 beneficio
747 2430 846 2514 fugae
859 2449 979 2514 ursum,
1002 2432 1111 2516 lupum
1129 2431 1161 2498 e't
1175 2436 1301 2499 leonem

137 2535 256 2616 vincit,
291 2535 364 2600 ideo
387 2538 632 2622 eomputobntur
659 2537 743 2598 inter
768 2537 962 2618 praecipuos
987 2535 1066 2601 deos
1087 2539 1302 2623 antiquorum,

51 2634 63 2683 'o
98 2701 103 2714 ι
137 2639 241 2718 magis
263 2657 357 2720 quam
379 2640 584 2723 Dyornedes,
614 2650 649 2703 ut
670 2637 897 2704 Eusebius-de
917 2640 1108 2724 evangeliea
1129 2661 1303 2726 praepara-

137 2743 227 2804 tione
254 2742 332 2812 dioit
359 2745 458 2808 lribro
484 2744 528 2818 V.
559 2743 600 2813 C.
624 2745 673 2809 ts
716 2744 781 2808 Diu
807 2743 891 2807 ultra
918 2744 1027 2807 omnia
1045 2747 1198 2810 animalia
1216 2749 1320 2836 sitim,

138 2844 252 2909 tolerat
281 2855 315 2910 et
344 2846 469 2911 divisus
499 2849 539 2910 ab
569 2866 654 2932 aqua
682 2847 780 2931 longa
816 2847 975 2912 benedeio
1009 2859 1178 2914 ventorum
1207 2853 1303 2935 vivit,

138 2967 221 3031 quoa
240 2940 333 3014 stans
362 2952 395 3012 in
421 2940 564 3033 seopulis
589 2953 741 3036 attrahit,
771 2943 1167 3018 diuersissimam:
1190 2942 1304 3039 onagri

137 3060 299 3117 steterunt
318 3055 352 3118 in
374 3054 524 3138 rupibus,
555 3061 720 3118 traxerunt
749 3065 881 3121 ventum
919 3059 1019 3140 -quasi
1050 3057 1216 3123 dracones
1259 3063 1306 3122 Et

135 3157 273 3222 Postu:
293 3158 539 3241 Exapeetabunt
554 3161 667 3243 onagri
687 3161 797 3224 insiti
818 3180 887 3225 sua.
922 3160 1044 3246 Onagri
1066 3181 1173 3226 mares
1192 3164 1306 3228 timent

136 3270 169 3325 et
189 3262 300 3328 zelant
320 3263 479 3348 foeminas
490 3265 675 3346 suaqtdeo
686 3265 840 3349 gravidas
857 3283 935 3329 suas
950 3267 1138 3358 custodiunt
1156 3278 1189 3332 et
1209 3279 1304 3354 natos

135 3383 242 3431 mares
263 3387 373 3432 morsu
403 3377 562 3446 eastrant,
595 3389 615 3432 e
643 3379 756 3434 eorrtra
781 3369 939 3453 gravidae
966 3370 1109 3436 latebras
1141 3382 1251 3456 petunt
1270 3382 1306 3436 et

136 3583 244 3638 mares
273 3593 330 3638 eos
360 3576 481 3646 odiunt.
529 3578 698 3641 Masculus
727 3579 899 3640 foeminam
926 3595 990 3640 nou
1010 3579 1134 3640 habens
1160 3589 1306 3662 tempore
1340 3591 1343 3598 '

135 3678 242 3744 esitus
262 3678 415 3746 insitam
447 3697 559 3760 rupem
590 3680 738 3743 aseendit
768 3689 802 3742 et
831 3677 991 3744 desiderio
1020 3679 1164 3743 libidinis
1192 3692 1306 3747 aestu·

72 3859 77 3868 ¹
134 3793 228 3848 antea
248 3784 461 3848 vehementer
488 3783 619 3864 rugiunt
647 3785 703 3864 ita,
732 3781 818 3864 quod
845 3784 996 3846 animalia
1024 3793 1153 3847 caetera
1174 3786 1306 3864 horrere

90 3931 93 3935 -
135 3889 376 3971 oonoutinntur,
405 3885 447 3949 ad
469 3887 532 3950 hoe
552 3887 648 3960 etiam
666 3883 805 3960 'ventum
831 3888 963 3962 naribus
990 3890 1157 3954 attrahunt
1183 3902 1228 3955 et.
1247 3911 1318 3979 per..

133 3992 196 4056 hoo
206 3992 392 4076 diiudicant,
400 3987 454 4054 nbi
465 3991 717 4075 foemina,quam
728 3994 827 4075 eupit,
838 3991 1027 4076 sitonager
1038 3992 1208 4066 duodeoinr
1219 3999 1304 4062 viei-

133 4095 195 4158 bus
216 4097 250 4158 in
272 4096 325 4160 die
336 4105 369 4159 et
383 4095 550 4160 duodecim
571 4098 606 4158 in
626 4105 722 4160 noete
742 4097 829 4178 rugit
839 4105 872 4158 et
881 4117 941 4180 per
959 4098 1022 4161 hee
1038 4099 1166 4166 inuolae
1185 4099 1306 4163 deserti

134 4194 321 4288 discernunt
342 4199 383 4263 de
403 4201 495 4265 hona
507 4201 658 4264 noetium.
687 4198 850 4269 Industria
863 4202 1001 4267 naturali
1022 4205 1085 4267 hoe
1099 4203 1189 4284 fauit,
1204 4203 1304 4286 quod,

134 4299 265 4383 quando
294 4319 395 4366 ennea
428 4321 501 4367 enm
523 4291 719 4387 ¹sequuntur,
749 4304 865 4368 emittit
895 4314 1026 4370 stereus
1055 4321 1149 4369 suurn
1170 4287 1324 4370 unibus
