3240 5222
305 455 342 510 et
362 442 556 510 discretione
570 440 634 506 sibi
651 439 772 506 bestias
794 439 972 524 elegissent
988 448 1022 503 et
1039 437 1195 504 tumuitus
1218 449 1376 522 cessaseq
1399 439 1478 503 des·

307 548 419 628 cendi,
441 557 475 610 et
495 547 621 610 asinum
643 553 788 627 spretum
813 546 885 608 sine
905 545 1145 608 examinatione
1166 545 1252 628 clegi
1273 563 1413 628 eumque
1437 543 1478 607 ad

305 651 502 734 singularem
530 648 577 725 (8
595 650 641 731 a]
670 649 776 712 locum
804 648 882 712 duxi
910 657 944 713 et
964 650 1085 731 aptavi.
1128 649 1272 713 Asinarii
1290 658 1398 711 antem
1419 663 1480 710 ac-

307 765 475 820 currentes
498 753 645 818 ridebant
666 763 699 816 et
716 754 900 818 clamabant
921 762 993 829 eta
1018 773 1069 816 me
1088 755 1243 835 pecunias
1261 753 1478 837 postulabant

305 860 407 924 Porro
438 875 501 940 ego
531 877 596 922 non
621 843 782 935 intellexi,
805 856 883 942 quid
905 857 981 922 mibi
1001 858 1163 940 dicerent,
1185 858 1245 922 sed
1266 857 1309 920 de
1329 856 1481 940 postula-

309 965 399 1028 tione
432 962 633 1027 denariorum
666 964 750 1026 male
776 970 948 1027 contentus
973 963 1118 1045 stabam,
1149 965 1226 1044 qnia
1257 981 1278 1025 a
1304 961 1393 1024 nullo
1414 960 1481 1024 alio

309 1067 555 1152 postulaverant
586 1085 654 1131 ses.
695 1071 858 1151 interpres
889 1075 997 1130 antem
1024 1077 1135 1130 noster
1155 1067 1236 1130 dixit
1265 1067 1362 1148 mibi,
1391 1063 1482 1148 qnod

306 1173 461 1258 optimum
482 1174 608 1236 asinum
623 1172 707 1234 iuter
722 1189 835 1234 omues
846 1169 1018 1253 elegissem
1038 1181 1072 1233 et
1090 1170 1164 1234 ideo
1181 1170 1381 1254 postularent
1400 1187 1482 1232 enr-

277 1278 423 1345 .tusias.
463 1278 537 1339 lloc
565 1284 601 1338 ut
628 1275 755 1359 andivi,
786 1277 905 1360 protuli
926 1276 976 1339 tv
1006 1275 1151 1338 madinos
1182 1284 1214 1336 et
1243 1272 1316 1338 dedi
1345 1274 1411 1354 eis,
1443 1279 1481 1334 et

206 1410 209 1418 v
309 1380 371 1443 lui
377 1400 436 1462 per
449 1389 556 1443 ¹totum
578 1382 641 1442 iter
661 1380 812 1461 provisus
840 1399 913 1481 cnm
942 1380 1152 1443 securissima
1176 1377 1281 1440 bestia
1312 1386 1345 1439 et
1364 1377 1481 1439 iulati-

309 1471 423 1574 gabili
436 1471 477 1546 et
490 1483 562 1566 sine
587 1484 674 1546 omni
694 1485 791 1565 vitio;
814 1475 986 1569 numquam
1008 1499 1133 1547 mecum
1155 1481 1282 1564 cecidit,
1303 1499 1480 1565 numquam

308 1587 470 1669 tardavit,
504 1606 677 1670 numquam
698 1588 891 1670 trepidavit,
923 1607 984 1651 nec
1005 1589 1183 1670 percussit,
1213 1605 1276 1653 nec
1298 1585 1479 1668 momordit,

177 1758 182 1768 ,
210 1703 234 1772 .'
306 1679 391 1756 sed'
398 1691 470 1754 sine
501 1691 723 1755 stimulatione
756 1692 1000 1776 infatigabiliter
1031 1692 1192 1775 prooessit
1223 1699 1258 1755 et
1288 1692 1478 1754 antecessit.

289 1794 405 1858 -Dixtc
417 1795 501 1860 mibi
516 1797 695 1881 asinarius,
718 1783 794 1860 dnm
815 1796 1160 1879 interregnantium,
1189 1814 1254 1880 qno
1274 1797 1379 1877 pretio
1403 1813 1480 1858 cunr

309 1897 411 1960 vellet
438 1897 599 1982 vendere,
632 1896 718 1983 qn'od
749 1919 813 1963 non
839 1895 924 1966 inira
944 1901 977 1964 X
998 1901 1134 1966 ducatus
1154 1903 1317 1982 acciperet
1337 1917 1395 1983 pro
1417 1898 1479 1961 bc-

306 2001 371 2064 stis
399 1997 485 2074 illa.
508 2003 646 2088 Spmper
674 2003 774 2068 habui
806 1994 1004 2069 iomnuan'r
994 2025 1029 2070 ru
1056 1995 1193 2089 utraque
1218 2005 1479 2088 peregrinatione

301 2105 341 2168 in
373 2107 522 2191 eligendo
550 2111 690 2206 bestias,
719 2118 757 2174 nt
787 2118 877 2203 patet
905 2111 1000 2172 etiarn
1032 2129 1131 2202 snpra
1154 2119 1249 2202 parte
1279 2111 1303 2172 l.
1336 2108 1389 2172 sol.
1421 2108 1476 2170 80.

157 2197 161 2204 ’
265 2261 268 2268 .
308 2207 473 2294 Quantos
477 2213 605 2303 labores
626 2222 660 2276 et
680 2195 800 2296 tetigus
819 2231 858 2276 ac
875 2195 1019 2299 pericula
1037 2217 1221 2278 sustineant
1239 2213 1287 2277 illi
1302 2211 1475 2295 peregrini,

307 2317 364 2398 qui
396 2318 585 2401 insecuras,
619 2318 735 2408 pigras
759 2327 794 2381 et
822 2319 925 2382 malas
953 2320 1075 2382 bestias
1104 2319 1248 2402 eligunt,
1278 2320 1337 2382 vix
1365 2324 1477 2399 potest

216 2519 218 2524 ι
307 2423 478 2486 conscribi.
516 2425 624 2506 lgitnr
654 2441 728 2485 ctnu
763 2423 878 2488 cameli
908 2433 1021 2488 casem
1047 2426 1171 2487 onerati
1200 2433 1234 2486 et
1265 2425 1349 2486 asini
1380 2423 1476 2485 electi

307 2527 413 2607 strati,
444 2529 651 2591 transivimus
682 2525 723 2591 ad
755 2529 927 2592 ecclesiam
956 2527 1048 2611 Syon
1068 2537 1102 2590 et
1131 2546 1152 2590 a
1178 2528 1356 2592 venerabili
1384 2535 1477 2610 patre

309 2620 472 2694 Gardiano
504 2633 622 2695 montis
647 2629 740 2715 Syun
761 2630 1018 2695 benedictionem
1039 2633 1256 2697 itinerantium
1279 2635 1477 2716 accepimns,

308 2734 365 2816 qui
387 2736 606 2819 complectens
626 2737 774 2819 singulos
805 2734 970 2799 benedixit
998 2746 1030 2798 et
1052 2736 1164 2800 osculo
1185 2737 1261 2802 dato
1283 2761 1301 2800 n
1321 2755 1360 2800 se
1380 2736 1478 2799 dimi-

310 2841 364 2904 sit.
406 2840 479 2924 Ego
500 2849 608 2904 tamen
634 2859 706 2905 cnm
729 2841 840 2924 majori
860 2843 1036 2924 gratiarum
1058 2845 1187 2906 actione
1207 2862 1227 2905 s
1247 2859 1309 2906 sua
1332 2842 1478 2924 paterni-

206 2993 210 2999 .
308 2953 378 3010 tate
394 2953 428 3009 et
448 2963 468 3010 a
489 2954 558 3010 toto
579 2957 742 3013 conventu
765 2949 899 3029 recessi,
919 2949 997 3029 quia
1018 2947 1139 3029 majora
1158 2949 1317 3012 bmrelicia
1337 2963 1477 3028 accepe-

308 3068 377 3114 ram
401 3053 531 3134 abeis,
563 3060 598 3115 ct
618 3052 715 3115 valde
735 3052 964 3116 benefecerunt
986 3052 1081 3134 milri,
1106 3053 1192 3117 sicut
1215 3061 1305 3137 patet
1325 3052 1423 3114 Parte
1446 3050 1473 3112 l.

309 3155 364 3218 iol.
386 3155 430 3219 93
452 3154 493 3224 Α.
514 3163 548 3218 et
567 3156 621 3218 iul.
643 3155 715 3220 Μ
728 3155 768 3216 Δ.

392 3261 530 3340 Egressi
560 3277 639 3341 ergo
668 3258 871 3323 deecclesia
897 3257 990 3342 Syou
1018 3258 1059 3322 ad
1094 3262 1204 3323 asinos
1237 3257 1475 3340 descendimus,

308 3362 425 3445 qnibns
446 3364 596 3426 ascensis
614 3362 756 3424 camelus
777 3363 990 3446 procedentes
1011 3365 1116 3428 secuti
1137 3383 1249 3428 sumne
1273 3372 1368 3427 extra
1389 3363 1475 3424 civi-

309 3475 426 3550 tatem3
454 3475 646 3531 nouantem
668 3469 740 3530 siue
761 3468 868 3532 cordis
890 3469 1034 3552 tristitia,
1065 3487 1128 3533 nec
1148 3471 1220 3533 sine
1240 3469 1381 3532 lacrimis
1403 3466 1475 3528 exi-

307 3571 414 3635 vimus
436 3570 478 3634 de
496 3569 701 3636 desiderabili
720 3573 853 3637 civitate
873 3573 1076 3657 Jerusalem,
1105 3572 1164 3636 sed
1186 3591 1257 3638 curn
1279 3570 1475 3656 singultibus

306 3684 340 3739 et
371 3677 508 3740 fletibus.
550 3679 622 3763 lllgo
649 3697 707 3761 pro
735 3685 828 3760 parte
855 3697 929 3741 mea
956 3695 1128 3762 numquam
1156 3679 1190 3742 in
1217 3680 1280 3742 hoc
1300 3675 1418 3739 mundo
1439 3675 1473 3736 in

277 3837 283 3850 ,
305 3779 414 3862 aliquo
436 3781 508 3845 loco
529 3782 680 3848 libentius
705 3785 762 3866 ini,
784 3802 880 3866 qnam
901 3783 935 3846 in
955 3783 1149 3865 Jerusalem,
1170 3792 1203 3845 et
1220 3780 1473 3864 jucundissimas

305 3883 377 3948 dies
398 3894 433 3948 et
453 3886 553 3951 boras
573 3889 616 3951 ibi
639 3888 744 3951 habui·
788 3888 832 3951 Ut
854 3897 959 3952 antem
982 3889 1023 3952 de
1051 3895 1161 3950 munte
1186 3887 1276 3971 Syon
1300 3881 1474 3949 descendi·

307 4006 390 4071 mns,
413 4001 618 4056 occurrerunt
641 3993 734 4056 nobis
751 3990 894 4072 juvenes
906 3991 1166 4074 sarracenorum,
1186 3991 1244 4054 lilii
1266 3999 1298 4054 et
1313 3989 1415 4073 pueri,
1436 3995 1474 4050 et

305 4093 537 4160 tribulaverunt
559 4113 636 4176 nos,
668 4105 705 4159 et
725 4095 924 4160 conabantur
945 4114 1044 4159 onera
1064 4094 1258 4160 camelorum
1280 4094 1420 4178 dejicere
1440 4099 1474 4154 et

305 4217 434 4282 rapere,
462 4218 545 4282 qnos
572 4200 723 4263 ductores
751 4201 852 4264 nostri
879 4200 936 4264 vix
965 4199 1119 4263 valebant
1147 4201 1304 4283 repellere
1325 4219 1345 4262 a
1366 4198 1479 4264 nobie·

306 4303 442 4384 luteres,
461 4313 633 4388 autequam
654 4303 697 4368 de
717 4313 826 4370 monte
846 4304 926 4369 Sion
947 4303 1232 4370 descendissemus
1254 4303 1359 4389 plene,
1388 4302 1474 4389 rupit
