3202 5218
906 287 972 355 48⁰

351 471 523 536 maceriam
546 471 686 553 ingressi
706 485 821 534 summ
840 467 977 553 hedum,
991 467 1137 537 dimissis
1157 477 1254 534 extra
1272 469 1375 532 asinis
1396 468 1512 550 isheute

351 584 464 641 nostro
485 574 628 657 ductore,
650 582 681 636 et
704 574 747 637 ad
766 583 888 656 petram
911 573 1066 656 grandem
1086 576 1249 658 venimus,
1272 576 1305 638 iu
1327 592 1391 657 qua
1407 591 1512 656 specus

349 687 404 744 est
425 678 550 760 capella
571 686 777 760 consecrata3
799 678 844 740 ibi
869 679 1010 760 ingressi
1031 681 1192 742 orationes
1223 679 1367 742 fudimus
1395 698 1451 761 pre
1468 681 1513 740 iu·

352 781 594 865 dulgentiast).
613 783 651 843 in
662 782 726 846 hec
733 798 836 863 specu
843 780 960 846 dicitur
969 783 1168 846 habitavisse
1180 789 1320 846 sanctus
1332 782 1513 865 onuphrius,

351 905 437 951 uuus
459 886 504 949 de
531 883 661 968 maguis
682 885 902 968 anachoretis,
931 886 972 949 de
990 887 1052 950 hoc
1072 889 1105 950 in
1127 887 1216 951 Vitis
1238 895 1366 969 patrum
1394 887 1515 970 pulchra

351 991 488 1056 habetur
520 989 670 1053 historic:
712 989 766 1052 hic
787 989 861 1052 dum
893 1000 1088 1076 moreretur,
1108 992 1141 1054 in
1173 990 1255 1055 teca
1277 991 1333 1055 ilio
1355 993 1514 1074 tugurium,

350 1094 437 1177 quod
458 1099 536 1158 ante
556 1110 690 1176 specum
712 1091 845 1176 iecerat,
859 1094 920 1158 ruit
932 1104 965 1156 et
986 1095 1117 1159 arbores
1131 1096 1383 1158 circumstantes
1402 1104 1514 1176 petram

352 1196 537 1262 ceciderunt
560 1206 593 1260 et
613 1207 817 1262 exaruerunt.
861 1198 914 1261 Ab
937 1200 998 1262 hoc
1026 1199 1097 1263 loco
1119 1199 1256 1264 ulterius
1284 1198 1447 1281 progressi
1465 1215 1516 1279 per

352 1303 450 1368 vallis
472 1300 663 1366 descensum
686 1305 836 1367 venimus
865 1300 905 1366 ad
935 1321 1031 1366 uuam
1059 1305 1259 1386 singularem
1281 1311 1422 1386 petram,
1442 1318 1516 1384 quae

353 1410 461 1471 stabat
489 1405 585 1487 juxta
615 1410 702 1470 viam
732 1417 765 1472 et
792 1424 856 1469 non
885 1407 1079 1471 cohaerebat
1106 1409 1225 1489 monti,
1248 1406 1310 1470 sed
1339 1425 1397 1489 per
1423 1423 1459 1466 se
1481 1402 1517 1466 de

353 1519 441 1574 terra
462 1512 679 1594 consurgebat
698 1512 732 1573 iu
746 1510 946 1575 altitudinem
968 1510 1101 1574 ducrum
1123 1513 1279 1594 virorum,
1293 1513 1326 1576 iu
1349 1509 1431 1595 pede
1450 1510 1518 1590 lata,

355 1615 505 1697 superius
536 1622 632 1676 acuta
652 1614 858 1704 etvidetur,
881 1614 966 1696 qued
996 1634 1061 1678 uon
1089 1615 1205 1678 habeat
1239 1616 1370 1679 radices
1392 1617 1469 1678 tiras
1486 1616 1516 1674 in

354 1727 460 1782 terrae
480 1717 665 1802 profundis,
686 1717 745 1780 sed
767 1727 830 1782 stat
851 1719 936 1783 sicut
957 1720 1101 1803 pyramis
1126 1719 1328 1803 artificialis,
1349 1720 1441 1804 quasi
1461 1734 1517 1779 non

281 1860 287 1872 ·
354 1830 445 1905 patra
466 1821 623 1885 naturalis
652 1823 705 1886 sit.
749 1825 842 1886 Haec
875 1821 1016 1886 creditur
1044 1841 1120 1886 esse
1150 1833 1241 1905 petra
1264 1823 1370 1906 0reb,
1392 1823 1432 1886 de
1460 1837 1517 1904 qua

351 1924 466 1989 Moses
490 1930 700 2009 percussione
720 1927 834 2011 virgae
858 1946 961 2012 aquas
983 1926 1110 2008 eduxit,
1132 1935 1169 1991 ut
1192 1927 1331 1992 hahetur
1351 1925 1454 1991 Exodi
1474 1920 1515 1988 tt.

353 2030 492 2113 Insuper
504 2031 722 2096 etsecundum
735 2051 838 2115 aquae
853 2032 1066 2114 eductionem,
1077 2030 1118 2094 de
1128 2033 1343 2115 quahahetur
1352 2033 1447 2095 Num.
1460 2027 1517 2108 au,

356 2133 492 2197 credunt
523 2152 565 2198 ex
586 2136 699 2200 eadem
731 2147 823 2220 petra
844 2135 1008 2219 profusam
1041 2136 1161 2219 inisse,
1182 2156 1267 2221 quae
1298 2137 1416 2200 dicitur
1443 2148 1519 2215 aqut

357 2238 638 2322 contradictionis,
659 2260 723 2304 non
757 2242 842 2303 enim
871 2241 991 2304 diutius
1020 2239 1114 2302 dabat
1145 2249 1237 2324 petra
1258 2258 1381 2326 aquas,
1403 2238 1463 2300 nisi
1482 2232 1517 2297 ad

357 2342 469 2426 populi
483 2352 514 2405 et
528 2361 678 2424 pecorum
694 2343 950 2429 adaquationem‚
964 2353 999 2408 ut
1013 2343 1132 2430 clarius
1146 2356 1317 2430 appareret
1330 2343 1518 2409 miraculum.

356 2445 434 2509 ldeo
456 2447 552 2509 etiam
573 2447 646 2528 ipsa
666 2457 758 2531 petra
777 2450 951 2532 singularis
973 2458 1040 2512 erat
1066 2467 1128 2512 nee
1150 2453 1249 2513 menti
1270 2468 1419 2516 connexa
1426 2494 1436 2532 ,
1465 2460 1518 2508 nec

359 2559 465 2614 terrac
485 2550 595 2632 infixa,
618 2561 652 2614 ut
674 2563 842 2617 consuerent
864 2553 921 2617 iiiii
940 2553 1053 2630 israel,
1076 2553 1162 2635 quod
1184 2554 1275 2617 Deus
1301 2571 1406 2619 novas
1427 2563 1518 2632 aquas
1540 2605 1542 2612 ,

357 2663 481 2717 crearet
504 2654 536 2716 in
550 2663 644 2738 petra
663 2664 696 2717 et
718 2675 781 2718 nen
795 2656 836 2720 de
856 2661 979 2742 abysso
996 2656 1212 2721 redundantes
1230 2679 1289 2741 pro
1312 2678 1419 2723 eorum
1439 2660 1516 2736 potu·

356 2757 395 2822 Si
417 2763 500 2824 euim
521 2760 642 2842 jugiter
658 2761 837 2843 fluxissent,
854 2781 917 2825 non
938 2781 1088 2845 maguum
1112 2761 1300 2827 miraculum
1324 2764 1448 2841 inisset,
1466 2749 1517 2816 sed

356 2873 563 2947 consuetum,
597 2865 681 2928 sicut
714 2873 848 2929 sanctus
877 2865 1029 2929 Clemens
1062 2876 1095 2929 et
1124 2867 1213 2930 multi
1245 2867 1301 2932 alii
1322 2867 1428 2933 sancti
1457 2858 1519 2924 suit

356 2969 507 3052 precihus
535 2971 796 3054 impetraverunt
822 2973 1056 3034 emanationem
1085 2991 1239 3055 aquarum
1273 2972 1316 3036 de
1345 2975 1463 3053 abysso
1489 2969 1518 3022 et

358 3073 491 3136 fontium
514 3075 769 3156 redundantiam,
790 3077 844 3138 ubi
863 3079 952 3158 prius
973 3095 1038 3140 non
1060 3075 1119 3138 fuit
1139 3094 1310 3159 aqua,uon
1335 3073 1419 3161 quod
1440 3081 1517 3132 novt

355 3191 441 3257 aqua
466 3187 644 3260 crearetur,
672 3177 732 3240 sed
754 3198 858 3241 venae
875 3177 921 3241 de
941 3179 1063 3262 abysso
1092 3179 1132 3242 ad
1156 3179 1259 3246 locum
1287 3181 1378 3244 ilium
1398 3175 1516 3253 'dirige-

13 3257 77 3298 Ὗ
209 3318 217 3329 -
356 3287 466 3341 rentur
487 3289 521 3341 et
539 3281 614 3343 iliae
632 3284 678 3345 ite
698 3286 872 3345 manebant
900 3285 1131 3365 scaturientes,
1154 3284 1240 3346 sicut
1261 3287 1411 3366 superius
1436 3279 1516 3361 pti⁰¹

354 3379 396 3444 de
419 3383 508 3446 tonte
537 3382 613 3448 dato
641 3388 806 3449 monachis
828 3403 886 3467 pro
908 3384 984 3463 (58
994 3393 1039 3464 tt)
1062 3389 1173 3470 signo,
1209 3388 1262 3451 soi.
1284 3393 1344 3472 44,
1366 3407 1394 3452 a.
1436 3380 1515 3446 Fons

355 3503 434 3568 ergo
455 3497 566 3569 petrae
595 3487 692 3570 hujus
713 3508 777 3552 nou
810 3509 851 3551 ex
876 3492 970 3574 aquis
991 3501 1114 3574 terrae,
1135 3492 1194 3555 sed
1218 3511 1259 3556 ex
1290 3493 1440 3556 thesauro
1461 3479 1515 3546 1)θὶ

354 3591 534 3675 emanavit,
557 3589 629 3657 ideo
642 3591 719 3656 dixit
729 3593 866 3676 Moyses
875 3582 975 3664 Num.¹
995 3597 1065 3660 20.:
1088 3597 1188 3678 Aperi
1210 3597 1269 3676 eis,
1284 3595 1430 3674 Domine,
1449 3588 1514 3651 iht-

353 3713 484 3760 saurum
497 3706 595 3780 tuum,
612 3699 732 3763 sontem
753 3717 857 3782 aquae
871 3703 979 3770 vivae.
1008 3704 1046 3764 tn
1067 3701 1228 3763 thesauris
1245 3702 1330 3762 enirn
1346 3699 1408 3762 Dei
1429 3694 1514 3756 etiam

354 3799 472 3864 inclusi
493 3810 569 3864 sunt
590 3804 718 3885 abyssi,
736 3802 832 3885 juxta
853 3804 949 3868 iliud:
970 3806 1100 3869 Peneus
1127 3807 1160 3866 in
1185 3805 1347 3866 thesauris
1368 3803 1514 3884 abyssos,

354 3903 414 3967 sed
435 3913 470 3968 et
490 3907 580 3970 venti
592 3906 633 3968 de
653 3907 813 3970 thesauris
834 3908 900 3972 iltis
913 3909 1082 3993 prodeunt,
1097 3910 1183 3972 uude
1204 3910 1377 3991 psalmus:
1409 3895 1515 3967 Educit

354 4017 471 4073 ventos
494 4010 544 4073 de.
556 4011 717 4074 thesauris
738 4013 818 4074 suis.
862 4012 956 4076 Patet
977 4016 1071 4078 etium
1095 4033 1136 4077 ex
1157 4015 1266 4076 verbis
1287 4010 1425 4092 Domini,
1439 3993 1514 4089 quod

354 4131 458 4198 aquae
478 4114 554 4178 iliae
575 4116 607 4178 in
629 4125 720 4198 petra
740 4115 858 4179 fuerint
878 4126 1015 4200 creatae,
1037 4119 1113 4200 quie
1134 4119 1212 4181 dicit
1233 4136 1304 4199 cap.
1328 4133 1435 4198 super.
1458 4103 1514 4168 V·²

354 4219 531 4303 [sequimur
550 4217 591 4283 ad
614 4227 749 4303 petram,
767 4228 800 4280 et
821 4220 892 4302 ipse
912 4221 999 4285 dabit
1021 4241 1133 4307 aquas.
1163 4225 1249 4306 ipsa,
1267 4225 1408 4304 iuquam,
1427 4208 1514 4284 dsbih

354 4343 418 4387 non
440 4333 527 4392 terra
548 4333 610 4388 etc.
653 4324 704 4388 Ex
727 4326 844 4408 quihus
867 4335 966 4411 patet,
989 4327 1074 4411 quod
1098 4329 1170 4391 tons
1192 4327 1247 4390 ilie
1268 4325 1359 4390 selus
1380 4341 1441 4387 uon
1464 4311 1515 4378 suit
