3132 5206
586 260 591 269 ·
699 243 741 308 ta

130 431 265 488 mature
284 425 503 510 sequebamur
524 442 584 508 per
604 424 757 508 scopulus
777 435 809 490 et
830 443 1013 512 rupes,per
1023 430 1127 494 saltus
1139 439 1172 494 et
1186 415 1299 496 clivos.

130 527 219 592 oum
251 530 283 592 iu
313 528 477 594 descensu
509 545 609 612 supra
635 531 861 613 praecipitium
895 532 1053 616 quoddam
1087 538 1170 598 satis
1201 534 1301 600 altum
1382 578 1392 601 .
1430 585 1447 598 .

129 634 358 716 venissemus,
381 633 564 697 audivimus
593 634 626 695 in
648 635 814 719 crepidine
833 642 951 702 montis
972 643 1032 702 snb
1055 640 1212 721 principio
1230 641 1301 704 cla·

129 756 243 801 mores
257 749 289 801 et
310 738 468 803 tumultus
487 735 748 826 contendentium
768 750 800 804 et
820 742 1016 826 litigantium
1049 754 1080 805 et
1093 742 1300 820 irascentium

130 842 246 925 lingua
267 844 397 907 arabica
419 851 452 904 et
475 843 646 906 teutonica.
691 843 886 910 Audivimus
917 848 1002 912 inter
1029 849 1111 912 haec
1140 847 1300 931 quendam

131 944 362 1011 inclamantem
374 946 575 1010 latrocinium
592 947 702 1011 verbis
724 952 896 1015 teutonicis
914 951 983 1034 (B)
1000 951 1138 1035 Mordjo,
1163 952 1299 1034 Mordju.

32 1119 33 1130 χ
130 1051 194 1113 His
226 1051 344 1115 auditis
374 1053 484 1116 statim
517 1051 758 1137 intelleximus,
785 1056 908 1132 ‚milites
930 1057 1013 1139 illos,
1047 1058 1102 1141 qui
1132 1067 1207 1118 ante
1238 1075 1300 1140 nos

131 1153 384 1240 descenderant,
404 1175 480 1220 esse
504 1159 537 1220 in
560 1157 777 1242 tribulatione,
799 1170 831 1224 et
851 1160 970 1224 festine
991 1181 1050 1245 per
1070 1160 1188 1225 saltum
1210 1162 1300 1244 ceci·

131 1256 239 1322 dimus
260 1270 294 1323 et
313 1281 372 1344 per
392 1263 615 1346 praecipitium
637 1281 699 1326 noa
720 1264 928 1336 submisimus
951 1272 985 1327 et
1005 1284 1111 1349 nsque
1130 1265 1172 1330 ad
1194 1267 1299 1332 locum

131 1366 319 1427 certaminis
340 1366 499 1428 venimus.
544 1365 682 1430 Stabant
703 1377 809 1432 autem
830 1371 972 1454 quinque
993 1373 1154 1454 peregrini
1172 1371 1298 1433 nobiles

131 1469 163 1529 iu
184 1487 253 1531 nna
278 1471 442 1552 crepidine
473 1479 507 1534 et
534 1474 653 1534 montis
685 1476 902 1557 concavitate,
922 1475 1080 1538 habentes
1111 1474 1236 1558 lapides
1265 1475 1299 1552 in

132 1574 294 1656 manibus,
313 1576 418 1657 parati
438 1574 480 1639 ad
498 1575 702 1659 jactandum,
723 1587 757 1640 et
778 1589 915 1663 quatuor
924 1580 1052 1643 Arabes
1075 1580 1204 1644 stabant
1223 1589 1299 1644 ante

132 1679 332 1761 crepidinem
365 1682 462 1743 etiam
484 1697 557 1744 cum
579 1679 740 1764 lapidibus
762 1692 794 1745 et
815 1684 1052 1768 collitigabant,
1077 1686 1151 1770 quia
1172 1685 1303 1748 Arabes

132 1787 290 1862 petebant
311 1785 352 1847 ab
373 1787 422 1848 eis
440 1785 609 1866 pecuniam
630 1805 689 1868 pro
703 1788 852 1872 pedagio,
874 1807 970 1873 qnam
985 1789 1032 1852 illi
1050 1788 1301 1872 darenolebant.

132 1885 204 1951 Nos
234 1897 342 1953 autem
362 1897 527 1972 tamquam
559 1888 751 1954 mediatores
778 1893 812 1956 iu
833 1893 938 1956 medio
954 1895 1123 1976 stetimus,
1153 1913 1197 1971 ue
1216 1893 1302 1979 lapi-

134 1989 192 2055 des
214 1999 332 2056 contra
353 2012 392 2057 se
412 1995 596 2076 mitterent,
618 1997 710 2080 quia,
740 1999 770 2058 si
796 1998 858 2061 hoc
879 1998 1001 2062 lactum
1022 1998 1157 2080 luisset,
1188 2013 1302 2060 omnes

132 2098 298 2180 peregrini
318 2106 480 2181 tamquam
510 2098 595 2162 salvi
628 2098 807 2165 conductus
828 2103 986 2164 tractores
1018 2103 1120 2166 babiti
1152 2101 1302 2184 fuissent,

133 2201 220 2264 etin
243 2202 483 2266 tribulationem
507 2221 657 2286 magnam
682 2207 896 2268 vertissemns.
940 2206 1008 2268 Vix
1036 2214 1141 2268 autem
1174 2211 1303 2266 nostros

134 2309 244 2372 socios
266 2308 464 2394 induximus,
486 2307 572 2393 quod
594 2307 718 2390 lapidas
741 2307 953 2393 deponerent3
980 2309 1187 2394 postulabant
1206 2308 1302 2396 etiam

135 2415 272 2476 anobis
293 2416 475 2496 pecuniam,
508 2412 567 2476 sed
590 2411 729 2476 diximus
751 2415 817 2497 eis,
851 2414 938 2500 quod
966 2416 1011 2478 ibi
1045 2413 1124 2477 nihil
1146 2413 1305 2494 vellemus

32 2513 33 2520 ’
134 2517 284 2602 solvere,
317 2520 376 2582 sed
404 2520 437 2582 in
471 2518 615 2580 exercitu
637 2536 744 2581 coram
778 2518 966 2584 ductoribus
1001 2520 1131 2583 uostris.
1187 2516 1230 2580 nt
1259 2517 1306 2580 ita

134 2621 307 2688 eduximus
338 2624 455 2687 iratres
477 2612 610 2686 nostros
640 2619 681 2683 de
711 2637 868 2706 caverna,
900 2634 934 2687 et
966 2625 1141 2711 eripuimus
1174 2640 1231 2688 ees
1262 2621 1305 2711 de

134 2730 450 2799 manibusArabum.
493 2729 530 2792 Si
543 2726 812 2818 antemiortiores
834 2726 929 2804 uobis
948 2725 1097 2809 luissent,
1120 2725 1304 2811 nullatenus
1415 2728 1436 2768 ⁸·

134 2848 194 2897 uos
217 2852 292 2898 cum
313 2852 395 2916 pace
416 2834 626 2913 dimisissent,
647 2850 721 2904 nam
742 2831 885 2914 quinque
906 2830 1008 2892 nostri
1027 2830 1189 2914 peregrini
1200 2830 1306 2916 devq-

134 2945 266 3003 rassent
285 2939 368 3002 istos
384 2946 522 3022 quatuor
530 2937 671 3017 Arabes,
690 2936 719 2998 si
731 2952 769 2996 se
781 2932 955 2996 defendere
965 2932 1155 2996 voluissent.
1201 2931 1311 3030 Curu-¹
1385 2999 1389 3012 q

135 3057 197 3122 que
231 3043 281 3106 sic
302 3043 343 3105 ab
365 3043 529 3106 Arabibus
558 3041 625 3103 illis
653 3035 946 3120 descenderemus,
980 3038 1182 3102 minabuntur
1210 3037 1304 3122 nobis

136 3145 223 3227 quod
246 3163 284 3208 se
304 3145 472 3209 vindicare
492 3145 617 3210 vellent
638 3144 678 3207 de
700 3143 803 3226 nobis,
823 3143 908 3207 sicut
928 3150 961 3204 et
987 3141 1151 3225 lecerunt,
1172 3150 1209 3204 ut
1229 3150 1305 3240 pat-

116 3251 211 3316 ,abts
257 3249 416 3312 Venimus
443 3267 521 3333 ergo
551 3250 592 3312 ad
624 3254 800 3313 exercitum
823 3247 864 3312 ad
887 3248 1030 3332 umbram
1060 3257 1093 3310 et
1115 3246 1155 3311 ad
1176 3265 1303 3331 aquam,

137 3357 274 3419 emimus
295 3372 412 3438 panem
435 3363 573 3432 etuvas
594 3364 626 3416 et
648 3353 851 3417 collationem
871 3353 1018 3417 lecimus·
1060 3352 1187 3415 Arabes
1197 3360 1303 3424 autem

135 3458 275 3538 praelati
311 3459 500 3520 convocatis
533 3458 574 3520 ad
614 3475 653 3519 se
679 3455 890 3541 complicibus
918 3459 989 3521 suis
1018 3474 1092 3519 cum
1119 3455 1242 3518 lanceis
1269 3465 1303 3517 et

136 3564 237 3624 armis
258 3560 447 3625 locaverunt
468 3579 506 3624 se
528 3580 547 3623 e
568 3563 701 3644 regiona
721 3564 756 3624 ln
776 3559 932 3642 medinm,
948 3578 1007 3643 per
1028 3557 1113 3643 quud
1137 3559 1304 3644 transituri
1372 3642 1374 3646 ι

137 3683 280 3734 aramus.
323 3663 404 3729 Cum
428 3681 507 3748 ergo
528 3664 578 3729 sol
600 3680 752 3743 occasum
774 3673 908 3747 pateret,
931 3672 966 3728 et
980 3665 1087 3727 fervor
1106 3663 1304 3745 ejnsremis·

136 3786 194 3834 ans
218 3779 326 3854 esset,
349 3770 611 3855 consurreximus
634 3765 674 3832 de
708 3769 780 3834 locu
808 3769 864 3830 illo
896 3779 928 3830 et
960 3755 1061 3849 ssiuis
1093 3769 1241 3832 ascensis
1268 3769 1303 3854 in

139 3891 288 3957 eampum
321 3875 551 3958 processimus.
588 3873 822 3950 ,Occurreruut
854 3883 959 3952 autem
981 3875 1108 3938 Arabes
1135 3874 1228 3957 nubis
1270 3857 1305 3936 et

139 3979 311 4052 transitum
332 3980 585 4062 prohibuerunt,
611 3995 781 4063 quousque
810 3978 985 4062 pedagium
1015 3997 1073 4061 pro
1104 3977 1241 4060 transitu
1268 3977 1304 4062 iu

140 4091 280 4147 montem
299 4084 348 4146 eis
370 4083 568 4171 solveretur,
602 4090 636 4146 et
655 4103 715 4167 pro
734 4091 888 4168 temerata
910 4084 1094 4147 resistentia
1114 4081 1305 4166 peregrino-

142 4205 209 4254 rum
222 4189 378 4274 eisetlam
390 4188 573 4252 satisfieret.
617 4187 740 4252 Dicunt
750 4188 836 4250 enlm
846 4188 985 4271 Arabes,
1005 4205 1043 4252 se
1064 4203 1140 4252 em
1158 4185 1304 4250 dominos

142 4295 279 4357 omnium
302 4293 511 4360 solitudinum
534 4296 569 4356 et
590 4283 799 4372 desertorum,
822 4299 855 4353 et
881 4291 954 4358 ideo
975 4291 1017 4356 de
1033 4293 1125 4356 salvo
1144 4289 1306 4382 conductu
