3202 5218
728 305 795 374 473

95 515 100 526 ·
169 507 288 576 passus
310 490 346 551 in
368 495 454 552 tetra
474 495 605 570 sancta,
628 487 775 573 proditus
798 487 989 552 &macoma
1012 485 1053 549 ab
1074 485 1134 550 eis.
1170 483 1214 550 Ut
1235 493 1343 548 autem

170 596 344 678 bemauius
362 612 384 657 a
403 593 551 657 fidelibus
574 602 767 677 tractentur,
793 592 975 656 mentiendo
998 590 1117 671 dicuat,
1138 605 1177 652 se
1197 605 1274 652 esso
1296 586 1339 650 de

168 699 329 783 superiori
359 699 515 780 Aegypto
535 705 570 760 et
598 701 633 759 in
661 687 891 782 poeniteutiam
917 695 1075 780 agendam
1106 693 1171 776 (b)
1195 696 1344 775 omissos,

171 824 230 888 pro
248 823 305 888 oo,
344 799 430 886 quod
463 802 587 864 beatam
609 802 779 886 Virginem
811 819 885 864 eum
917 819 1016 884 puero
1047 799 1129 861 Jesn
1156 806 1189 860 et
1218 796 1343 880 Josepb

173 909 327 974 nolebant
355 907 495 989 bospitio
526 907 710 990 srrseipero,
743 907 873 990 quando
902 906 1053 988 ingerunt
1086 906 1119 966 in
1145 901 1342 984 Aegyptum.

174 1011 269 1091 Quod
290 1011 436 1076 fictitium
465 1019 527 1075 ost.
571 1009 628 1074 Sie
650 1012 746 1074 otiam
772 1011 898 1095 lingunt
920 1027 958 1074 se
979 1007 1182 1072 Christianos
1204 1013 1237 1068 et
1259 1005 1341 1088 bap-

173 1119 316 1180 linantur
344 1123 377 1178 et
408 1115 649 1198 rebaptizantur
675 1125 708 1178 ct
745 1115 907 1180 derisores
944 1121 1215 1178 aeramentorum
1255 1117 1344 1179 suut.

173 1222 247 1284 Nos
270 1238 380 1283 comm
413 1219 573 1302 quendam
605 1219 763 1284 sciscitati
793 1219 929 1302 fuimns,
951 1235 1016 1301 qua
1036 1236 1078 1278 ox
1103 1218 1207 1297 patria
1227 1210 1343 1277 usati

174 1323 373 1407 Respondit,
405 1340 444 1386 se
470 1321 671 1386 Chaldaeum
709 1339 783 1388 cum
824 1324 992 1404 omnibus,
1038 1320 1212 1454 linguaqpe
1250 1317 1343 1384 ebal·
1470 1391 1475 1402 Ι

173 1428 257 1492 daea
277 1446 406 1511 semper
427 1445 485 1491 eos
506 1428 556 1490 uti
578 1426 801 1491 consuevisse
985 1494 991 1506 „

257 1531 467 1595 Contermiua
487 1542 540 1596 est
561 1531 729 1595 Chaldaea
747 1531 924 1615 Assyriae,
947 1547 1033 1611 quae
1053 1527 1185 1611 grands
1206 1526 1342 1608 previu-

171 1638 223 1698 cia
246 1644 316 1717 est,
335 1637 369 1697 iu
391 1653 457 1716 qua
477 1637 585 1699 Ninus
598 1635 743 1700 Niniven
765 1637 928 1701 civitatem
960 1634 1126 1696 maximam
1150 1630 1341 1694 aedificavit.

173 1740 300 1800 Ambae
332 1738 394 1800 hae
426 1739 593 1820 civitates,
632 1741 756 1802 Ninive
787 1748 820 1802 et
852 1735 1044 1820 babylonia,
1085 1753 1184 1820 supra
1223 1734 1341 1796 ilumeu

172 1842 372 1922 Euphratem
395 1849 469 1904 sunt
492 1843 592 1924 sitae,
614 1862 678 1906 una
699 1861 719 1905 a
740 1841 826 1905 Nino
850 1859 944 1924 rege,
968 1841 1069 1904 altera
1090 1859 1111 1902 a
1131 1837 1342 1903 Semiramide

174 1947 287 2026 regina
316 1953 539 2026 constructae,
575 1946 672 2030 longe
700 1946 740 2008 ab
772 1949 911 2009 invicem
942 1946 1108 2009 distantes.
1157 1946 1216 2006 llst
1245 1944 1340 2006 etiam

175 2057 415 2129 consequenter
434 2049 669 2132 Mesopotamia
689 2051 773 2114 inter
803 2051 998 2132 Euphratem
1023 2059 1054 2111 et
1080 2051 1199 2131 'l'igrim
1224 2049 1341 2110 tluvios

172 2150 334 2234 paradisi,
349 2162 422 2233 post
444 2170 541 2233 qnam
562 2158 709 2238 sequitur
719 2155 873 2217 Armenia
894 2164 926 2217 et
944 2154 1062 2217 multae
1079 2155 1162 2215 aliae
1179 2153 1339 2234 regiones.

171 2255 301 2318 Deinde
322 2258 540 2319 convertimus
562 2277 623 2322 nos
644 2259 686 2322 ad
706 2259 906 2325 occidentem
926 2269 958 2323 et
981 2260 1022 2323 ad
1045 2258 1188 2323 dextram
1206 2275 1226 2319 a
1244 2256 1341 2336 louge

171 2358 312 2422 vidimus
335 2370 461 2422 mentes
483 2361 642 2445 Arabiae,
672 2383 755 2448 quos
777 2367 944 2428 nominant
964 2373 1109 2427 catenam
1134 2359 1261 2442 mundi,
1283 2359 1340 2444 qui

81 2547 85 2559 Ι
170 2470 250 2528 sunt
268 2482 310 2526 ex
332 2466 480 2546 opposito
503 2473 607 2529 terrae
628 2480 762 2532 sauctae
786 2469 871 2532 ultra
891 2467 1067 2531 Jordauem
1093 2477 1125 2530 et
1145 2483 1232 2528 mare
1254 2482 1343 2527 mer·
1402 2505 1405 2516 ·

171 2575 280 2634 tunm„
314 2569 404 2630 Inter
428 2569 511 2634 haee
541 2581 692 2636 montana
713 2576 910 2656 praeeminet
934 2590 1026 2636 mons
1056 2573 1167 2654 Nobo,
1197 2569 1342 2650 l’basga,

171 2680 204 2734 et
223 2670 366 2754 Abirim,
394 2672 427 2734 in
453 2692 547 2755 quero
570 2676 716 2740 ascendit
744 2681 878 2760 Moyses
910 2675 1007 2756 jussu
1033 2675 1095 2738 liei
1121 2671 1165 2737 'ad
1192 2681 1342 2736 coutem-

171 2771 323 2856 plaodam
346 2785 461 2838 terram
483 2788 647 2862 salictam,
674 2791 709 2844 ut
732 2781 867 2843 babetur
888 2779 1021 2842 Denter.
1043 2778 1096 2842 ut.
1127 2779 1225 2843 Hunc
1246 2793 1342 2838 men-

171 2887 236 2941 tem
260 2879 432 2942 manifeste
453 2881 593 2948 vidimus
613 2885 647 2946 iu
670 2894 780 2947 moute
798 2882 911 2965 Syuai.
942 2882 993 2945 llo
1014 2884 1067 2946 bis
1089 2880 1249 2945 montanis
1268 2877 1341 2942 die-

172 2991 239 3046 tum
262 2982 375 3052 estP.
399 2985 426 3047 l.
450 2985 796 3051 intonuisse.

254 3085 404 3150 Vidimus
425 3089 521 3151 etiam
545 3091 578 3152 in
599 3090 730 3153 deserto
752 3098 892 3153 merrtem
907 3091 966 3173 Or,
987 3091 1020 3154 in
1035 3108 1106 3173 ,que
1118 3089 1229 3152 Aaron
1251 3087 1340 3169 obiit,

170 3198 206 3254 ut
227 3190 363 3253 babetur
384 3191 480 3255 Num.
499 3194 554 3261 uu.
597 3195 696 3258 l‘orro
718 3203 849 3278 propter
870 3204 1024 3258 moritana
1052 3192 1173 3258 deserti
1196 3201 1228 3256 et
1246 3209 1342 3254 mou-

169 3303 247 3356 tana
269 3294 409 3357 Arabiae
429 3297 596 3379 praedicta
625 3299 786 3363 ,iudaeam
819 3297 934 3362 videro
956 3318 1020 3363 uon
1043 3308 1246 3382 poteramus,
1278 3311 1340 3357 noe

168 3396 395 3482 Palaestinam,
412 3419 473 3466 noe
495 3421 582 3466 mare
603 3421 766 3488 magnum,
788 3412 964 3486 etpropter
985 3404 1115 3466 nimiam
1137 3401 1339 3481 distantiam,

168 3504 266 3567 situm
289 3512 397 3565 tamen
419 3514 525 3570 terrae
544 3517 680 3572 sanetae
701 3519 733 3573 et
754 3509 884 3593 plagam
906 3509 1030 3591 optime
1051 3508 1212 3570 nevimus.
1247 3504 1341 3568 Unde

170 3615 285 3670 eontra
307 3617 423 3671 terram
456 3619 603 3675 sanctam
626 3620 660 3675 et
681 3614 847 3676 civitatem
874 3612 1019 3675 inclitam
1050 3611 1233 3674 Jerusalem
1264 3627 1342 3691 pro-

169 3713 266 3775 strati
300 3712 506 3777 adoravimus
535 3699 731 3779 dominicum
764 3716 971 3799 sepulchrum
1002 3723 1036 3778 et
1065 3715 1137 3778 loca
1166 3719 1279 3776 saneta
1307 3719 1342 3773 et

169 3816 327 3880 elllcaees
342 3815 421 3880 'illas
453 3819 615 3882 orationes
644 3835 720 3882 esse
749 3836 936 3904 speramus,
964 3838 1006 3883 ex
1027 3837 1083 3902 eo,
1119 3817 1205 3901 quod
1226 3816 1342 3879 dicitur

168 3919 201 3984 3.
225 3914 308 4002 ling.
329 3923 366 3984 8:
399 3917 674 3986 sinceraverunt
704 3932 737 3986 te
757 3932 872 3987 centra
892 3924 979 3987 viam
1015 3931 1124 3986 terrae
1153 3930 1288 3985 sanetae
1308 3928 1342 3982 et

169 4025 352 4105 civitatem,
383 4043 479 4108 quam
499 4026 648 4108 elegisti,
669 4035 702 4090 et
728 4027 878 4112 templum
901 4029 1098 4092 nominituo
1126 4025 1340 4107 aedificatum,

172 4137 207 4190 tn
230 4128 384 4192 exaudies
405 4147 481 4214 eop,
502 4131 652 4196 Domine.

253 4231 402 4294 Vidimus
422 4237 518 4298 etiam
540 4234 670 4300 deserta
694 4244 727 4297 et
748 4235 962 4317 solitudines,
985 4253 1046 4319 per
1067 4253 1151 4319 quas
1171 4235 1340 4316 vagaban-

173 4341 225 4394 tur
246 4333 302 4396 lllii
326 4337 426 4400 lsrael
438 4339 499 4401 xli
513 4340 617 4420 aunis,
637 4347 669 4401 et
687 4348 824 4421 montes,
842 4359 903 4422 per
924 4357 1007 4424 quos
1028 4357 1089 4402 nos
1102 4335 1340 4418 descendimus,
