3204 5216
702 325 746 389 97

129 501 244 576 Jussit
265 517 373 572 tamen
397 509 504 573 omnis
525 517 619 574 sente
640 508 735 591 dejici
756 507 896 572 etsvelll
919 515 950 572 et
973 526 993 572 e
1013 508 1189 592 parietibus
1205 511 1302 575 abro-

134 613 180 697 di,
200 622 233 676 et
254 613 287 677 iu
308 631 406 677 ιιιιιιιιι
429 623 587 698 congesta
608 613 768 680 cumulum
794 615 904 696 ignem
927 613 1005 676 lecit
1026 617 1175 696 supponi·
1198 634 1302 700 eaque

130 719 324 787 combussit
373 717 432 781 Sic
463 736 542 802 orgo
570 720 636 782 iarn
671 737 733 782 nac
754 727 849 782 scote
870 719 914 785 ibi
941 727 1027 800 sunt,
1063 737 1125 782 nec
1156 719 1301 804 integrae

133 825 294 908 picturae,
315 822 374 886 sed
395 834 547 886 corrosm
569 831 600 885 et
622 824 787 889 confusae.
1287 877 1292 888 .

219 926 287 996 siit
307 945 366 1010 per
386 929 538 1011 templum
562 929 814 994 circumiverunt
843 945 915 990 cunr
948 925 1084 990 occultis
1105 923 1256 991 terrers
1246 940 1300 984 rn-

135 1030 342 1114 strumentis,
370 1030 465 1095 etad
488 1032 560 1098 loca
591 1040 705 1096 sancta
727 1032 921 1094 aecedentes
943 1029 1067 1114 lapides
1100 1046 1213 1092 saeros
1244 1045 1299 1090 ra-

135 1134 257 1214 debant
278 1143 311 1198 et
334 1134 489 1198 rodebant
519 1134 560 1198 de
588 1137 637 1199 eis
669 1136 845 1219 particulas
873 1120 1101 1200 descindenles
1120 1143 1152 1196 et
1174 1133 1300 1196 discer-

136 1250 268 1324 pentes,
306 1246 345 1302 ut
382 1237 424 1302 ed
457 1257 535 1302 suas
571 1249 682 1323 portes
714 1240 878 1304 deferrent
920 1259 979 1323 pro
1014 1239 1168 1322 reliquiis.
1226 1235 1301 1299 fleo

135 1344 285 1428 quamvis
306 1341 449 1425 speeiem
486 1344 616 1425 pietatis
644 1345 777 1427 habeat,
810 1347 974 1428 impietate
993 1353 1101 1408 tamen
1123 1351 1156 1405 et
1183 1340 1301 1404 ditiosa
1351 1399 1359 1415 ,

135 1446 323 1534 curiositate
345 1447 475 1510 minime
495 1453 606 1532 carel3
629 1449 758 1532 privsre
780 1453 864 1531 enim
884 1428 1080 1515 locosancto
1091 1464 1151 1510 suo
1172 1443 1300 1527 decore,

137 1547 172 1616 e't
194 1560 345 1615 truncare
360 1546 542 1614 'artificiose
573 1537 745 1620 laboribus'
763 1561 798 1616 et
819 1555 973 1638 expensis
995 1562 1108 1647 ornata
1135 1559 1167 1613 et
1186 1549 1301 1613 delor—
1407 1507 1451 1606 .-

135 1675 240 1739 mrre,
269 1673 354 1739 quae
375 1657 455 1718 ratio
475 1655 575 1720 dictet
596 1657 661 1720 nisi
683 1676 810 1740 errans,
832 1661 913 1723 vitio
936 1653 1132 1722 obfuseatai
1158 1655 1210 1718 Ex
1237 1655 1301 1718 lrac

133 1759 240 1834 ‚stulta
261 1761 447 1824 corrosione
467 1759 608 1843 lapidum
626 1759 818 1827 devenimus
839 1760 878 1826 in·
894 1781 1028 1846 magnas
1039 1758 1217 1842 augustias,
1234 1775 1301 1820 non

133 1863 255 1950 semel,
283 1863 343 1926 sed
370 1861 455 1948 plus.
504 1863 650 1943 Quadam
679 1882 818 1950 namque
844 1871 918 1932 viee
953 1878 1026 1951 post
1059 1863 1300 1951 peregrinorum

134 1985 300 2052 recessum
322 1986 394 2031 curn
418 1990 477 2052 per
496 1979 626 2034 noctem
645 1969 843 2032 iuduestssi
866 1970 1111 2049 mansissemus,
1132 1968 1300 2029 inventum

135 2079 188 2156 est
203 2089 309 2154 mone,
330 2071 416 2156 qnod
438 2092 535 2156 rupes
558 2072 730 2136 calvariae
749 2092 880 2139 corrosa
903 2067 962 2135 idlt
994 2080 1026 2133 et
1041 2070 1156 2133 tabula
1184 2087 1301 2131 monu-

134 2178 236 2240 menti
265 2184 300 2238 et
321 2176 404 2262 lapis
425 2178 621 2241 inunctionis
642 2177 780 2241 Domini.
825 2175 920 2256 Quod
950 2175 1024 2238 dum
1049 2175 1103 2237 alii
1125 2172 1301 2272 Christipni

136 2281 309 2345 orientales
329 2281 500 2363 vidissent,
523 2279 744 2345 clamaverunt
765 2283 800 2344 in
820 2281 959 2346 ecelesia
988 2287 1100 2342 contra
1127 2295 1190 2342 uos
1216 2279 1302 2338 sieut

135 2395 249 2450 contra
270 2387 360 2448 iures
381 2395 413 2448 et
434 2395 592 2470 raptores,
619 2393 652 2450 et
673 2385 814 2450 excitata
834 2395 884 2449 est
906 2380 1054 2448 seditio
1045 2401 1150 2446 rnnos
1166 2382 1299 2471 pericn-

133 2489 217 2574 μα,
238 2475 275 2552 et'
292 2491 477 2583 commiqati
498 2500 574 2552 sunt
593 2492 699 2574 nobis,
722 2490 808 2574 quod
830 2491 950 2555 vellent
972 2488 1125 2573 conqueri
1147 2485 1189 2550 de
1203 2487 1299 2552 nobis

136 2591 416 2660 domiuislaoris
437 2604 470 2658 et
491 2593 688 2658 sarrecenis
733 2599 808 2660 Hoc
838 2597 974 2659 audiens
996 2580 1092 2658 Pater'
1114 2592 1299 2657 Gordianus

137 2701 287 2782 expavit,
308 2699 536 2782 considerans,
570 2699 694 2782 grande
729 2702 823 2764 nobis
858 2702 1023 2764 imminere
1049 2697 1243 2781 perieulum,
1265 2702 1299 2756 et

3 2841 4 2844 =
136 2821 250 2866 omnes
268 2819 329 2867 uos
350 2803 392 2867 ad
415 2802 572 2888 capellam
593 2806 710 2868 beatae
731 2790 880 2888 Virginis
904 2803 1097 2867 convocavit
1118 2810 1150 2864 et
1182 2807 1298 2864 aucto·

130 2905 233 2976 ribos
262 2909 442 2990 apostolico
462 2910 754 2974 excommunicavit
776 2927 961 2972 corrosores
1003 2925 1065 2987 nep
1097 2905 1300 2968 deecclesia

137 3015 228 3074 exire
247 3014 403 3095 permisit,
425 2996 596 3097 quousque
622 3013 729 3096 petiae
757 3013 887 3077 decisae
908 3013 1038 3076 fuerunt
1059 3010 1121 3075 sibi
1139 3027 1298 3092 proesen-

136 3123 236 3190 tarro.
277 3119 321 3180 Et
341 3118 387 3180 ita
408 3135 482 3180 cum
501 3118 721 3200 ignominiose
739 3118 927 3183 confusione
948 3119 1107 3198 stetimus,
1133 3122 1168 3176 et
1189 3127 1302 3176 omnes

136 3221 173 3282 irr
206 3235 267 3283 nos
299 3227 464 3306 tamquam
498 3223 533 3284 in
561 3222 741 3306 sacrilegos
776 3223 964 3286 fremebant.
1017 3221 1177 3284 Venimus
1206 3218 1302 3280 etiam
1330 3208 1339 3231 ⁵

135 3335 269 3408 prepter
289 3326 426 3392 similem
448 3344 580 3416 oausam
601 3327 634 3390 itt
660 3338 812 3410 maguam
834 3300 1066 3391 tribulationem
1090 3323 1131 3387 ad
1155 3331 1302 3386 sanctam

137 3427 349 3494 camarinam
371 3432 404 3494 irr
427 3431 561 3514 Arebie,
584 3439 615 3493 et
638 3432 784 3513 prolecto
805 3434 934 3496 horrore
957 3441 989 3493 et
1012 3439 1150 3496 tremore
1181 3445 1303 3490 conou-

136 3531 210 3616 tior,
229 3534 357 3617 quaudo
379 3534 538 3599 recordor.
582 3535 718 3598 Fuimus
740 3539 824 3599 enirn
847 3536 954 3599 traditi
976 3557 996 3600 a
1017 3534 1187 3616 calogeris
1220 3533 1303 3614 ipsis

123 3632 317 3720 'nubitum
350 3656 519 3724 quousque
540 3656 650 3702 amora
682 3642 880 3704 necessitate
912 3643 1016 3703 coacti
1045 3641 1164 3702 luimus
1195 3636 1303 3700 ablata

136 3760 304 3826 reponere.
346 3746 418 3807 Has
440 3733 645 3806 corrosiones
666 3762 730 3806 non
755 3743 879 3809 iaciunt
901 3744 1083 3807 devotionis
1104 3761 1220 3824 cause,
1244 3741 1303 3804 sed

137 3844 249 3930 aliqui
276 3847 402 3911 nobiles
435 3849 572 3930 curiosi,
607 3848 785 3930 aliquarum
823 3842 1032 3913 ecelesiarum
1069 3847 1123 3911 vel
1156 3847 1303 3910 alterium

137 3952 264 4034 patroni
286 3951 348 4016 lroo
370 3952 512 4036 ludunt,
539 3961 574 4015 ut
605 3951 672 4014 illis
702 3951 797 4016 rebus
830 3957 900 4019 sois
931 3955 1080 4018 ecelesiis
1111 3969 1303 4014 concursum

137 4057 299 4119 bominum
335 4059 477 4123 erter'tent
498 4064 535 4118 et
559 4063 728 4139 quaestum
751 4055 910 4140 habeant,
942 4065 1047 4122 etita
1082 4057 1218 4120 avaritia
1248 4073 1305 4148 eos

139 4161 292 4246 instigat,
331 4170 367 4223 ut
399 4162 477 4226 tolia
513 4160 616 4239 (m
640 4161 698 4246 A)
731 4169 889 4226 attentent
931 4160 1060 4222 contra·
1076 4159 1305 4244 prohibitiones

140 4265 321 4348 peregrinis
343 4265 466 4352 laotos,
487 4267 542 4330 iol.
565 4267 608 4348 89
627 4267 655 4328 Β
674 4269 714 4330 'ln
738 4247 866 4349 quinto'
882 4275 916 4328 ot
935 4262 1026 4328 XVl.
1056 4267 1164 4347 artie,
1193 4271 1226 4329 et
1250 4263 1303 4325 sol.

142 4369 205 4434 llll
231 4369 269 4454 ll,
298 4370 332 4432 in
347 4370 421 4438 W.
437 4380 489 4476 ’et
524 4371 598 4434 llll.
634 4380 693 4433 art.
715 4369 821 4434 Seeus
851 4377 957 4434 autem
987 4377 1038 4430 est
1065 4367 1106 4522 d⁷e
1138 4367 1218 4447 illis,
1252 4365 1306 4448 qui
