3132 5206
664 235 708 300 ὅ

101 420 213 482 booae
232 418 273 481 ll.
329 418 467 504 igitura
489 415 669 481 diversorio
691 413 746 478 illo
768 415 964 480 recessimus
994 425 1027 480 et
1047 415 1125 480 loeti
1146 418 1274 502 luimus,

101 522 189 608 qued
218 539 240 584 a
268 522 341 586 loeo
366 524 445 588 moti
478 522 614 600 inimus,
655 519 731 600 quia
765 519 992 584 habuissemus
1023 530 1151 584 noctem
1182 524 1275 584 inse-

101 645 213 692 euram
246 633 378 709 propter
404 621 617 686 offensionem
640 622 903 688 sarracenorum.
947 625 1077 687 Interea
1098 625 1174 688 luna
1207 635 1277 689 orta

101 740 171 811 est,
199 739 234 794 et
264 748 338 793 cum
367 743 486 810 mamre
514 725 700 791 festinantia
737 727 965 792 descendimus
994 749 1053 812 per
1079 730 1166 792 viam
1187 731 1277 812 peri·
1314 789 1316 795 .

101 836 249 900 oalesam
282 851 340 916 per
369 832 474 896 saltus
508 839 553 893 et.
577 849 636 913 per
669 833 823 914 abruptas
850 839 979 921 petras,
1012 834 1045 896 in
1074 835 1192 918 quibua
1213 832 1277 896 viis

100 940 197 1003 aselli
219 955 338 1002 seems
357 945 390 1000 et
407 936 480 1000 sine
502 951 580 998 casn
602 937 741 999 transire
761 939 887 1019 sciunt,
908 946 940 1001 et
962 956 1000 1000 ae
1020 939 1215 1002 submittere
1236 937 1283 1022 de

100 1045 206 1128 petris
236 1061 309 1106 cum
345 1039 558 1105 anterioribus
592 1039 729 1123 pedibus
766 1041 1041 1126 miraindustria,
1072 1041 1157 1128 qnod
1193 1059 1277 1124 aquo

101 1148 214 1212 lacera
234 1155 326 1210 assat
345 1144 557 1228 impossibile.
607 1145 694 1210 Viae
715 1146 800 1211 enim
822 1146 909 1210 illins
935 1146 1055 1210 deserti
1076 1157 1151 1210 sunt
1165 1155 1277 1230 petro-

12 1275 14 1284 ’
101 1271 171 1334 aaa,
205 1252 398 1334 plerumque
426 1248 512 1311 altae
540 1256 573 1310 et
593 1251 742 1332 strictae,
773 1261 805 1314 et
832 1269 874 1314 ex
894 1259 1032 1335 utraque
1053 1259 1146 1334 parte
1169 1248 1277 1313 valles

12 1377 13 1388 ¹
101 1356 295 1442 profundae,
316 1363 352 1418 et
372 1354 523 1419 sibestie
544 1369 647 1446 ocyus
669 1353 842 1418 cecidisset
863 1375 923 1438 per
943 1356 1080 1438 abrupta
1101 1365 1276 1438 petrarum,

101 1465 135 1526 in
147 1462 290 1545 aliquam
306 1458 696 1543 proiuodamvoraginem
718 1459 898 1543 incidisset,
909 1471 943 1523 et
956 1460 1084 1542 [bomo]
1092 1459 1188 1524 simul
1197 1477 1275 1524 curn
1327 1536 1331 1545 Ι

102 1569 211 1630 bestia
225 1563 375 1648 perditus
387 1562 512 1625 luisset.
555 1563 702 1626 Mirabar
713 1563 754 1625 de
766 1565 962 1648 mulieribus,
979 1565 1130 1639 sociabus
1146 1564 1276 1646 nostris,
1368 1629 1372 1638 ,

101 1671 298 1736 cumtsmen
320 1660 933 1754 mulieresnaturaliter'sint'timidae,
956 1671 1040 1754 qnod
1061 1672 1106 1734 ita
1123 1669 1278 1733 audacter
1327 1674 1357 1744 ἒ

103 1776 310 1840 incedebant,
377 1770 546 1852 Quaedam
586 1783 694 1836 autem
739 1774 854 1837 mulier
891 1773 1072 1838 Sarracena
1108 1775 1277 1858 ,equitavit
1318 1759 1338 1847 ’,

102 1873 276 1946 nobiseum
295 1919 298 1926 -
318 1863 426 1960 nsque
472 1877 506 1938 in
531 1875 682 1958 Jericbo,
707 1877 840 1959 iuvenis
872 1887 905 1941 et
936 1890 1049 1943 ornata
1079 1897 1140 1942 suo
1172 1878 1276 1960 modo,

104 1986 204 2068 eujus
225 1991 336 2044 tamen
357 1981 483 2045 vultum
504 1979 735 2044 nullusvidere
753 1983 869 2065 potuit,
893 1983 1050 2068 quia'erat
1064 1999 1171 2065 panum
1184 1984 1278 2064 nigra

104 2089 281 2173 perspicuo
313 2094 417 2169 tecta,
455 2087 526 2167 ipsa
559 2093 664 2148 tamen
696 2103 757 2148 nos
785 2087 945 2169 inspicere
977 2089 1090 2170 potuit.
1134 2084 1278 2148 laardem

105 2204 216 2259 autern
254 2191 296 2254 ad
326 2191 425 2254 tinem
463 2189 643 2252 descensus
673 2191 823 2252 venimus
855 2190 887 2253 in
920 2192 1114 2275 campestria
1135 2189 1278 2272 iericho,

105 2317 193 2384 quae
211 2297 371 2377 incipiunt
390 2297 424 2356 in
447 2293 531 2377 pede
552 2294 707 2356 montium
730 2294 841 2377 lsrael,
863 2303 896 2357 et
917 2297 1035 2359 cursim
1067 2287 1126 2379 per
1145 2295 1279 2359 Jsriebo

106 2403 328 2484 transivimus,
354 2407 387 2459 et
407 2417 465 2480 per
486 2399 591 2460 locum
607 2393 766 2478 Galgalae
787 2398 1017 2464 descendimus
1036 2419 1096 2484 per
1114 2401 1278 2485 planitiem

106 2509 203 2594 quast
238 2505 340 2568 tribus
371 2503 459 2566 boris
481 2499 555 2584 (B)
588 2508 620 2563 et
649 2501 683 2563 in
714 2501 919 2566 solitudinem
940 2503 1096 2568 Jordanis
1129 2507 1280 2569 venimus

107 2629 284 2701 perquam
307 2605 545 2670 descendentes
567 2622 671 2688 usqne
690 2604 733 2668 ad
744 2606 899 2672 dordonis
920 2610 1048 2672 alveum
1060 2611 1280 2692 pervenimus.

106 2719 158 2783 lbi
181 2733 261 2798 erge
279 2713 389 2775 asinos
417 2711 569 2774 asinariis
592 2710 830 2792 resignavimus
852 2720 885 2774 et
916 2712 1147 2775 aSarracenis
1168 2729 1280 2773 reces-

106 2824 225 2904 simus,
252 2818 373 2902 quise
402 2816 488 2878 inter
519 2816 652 2878 arbusta
677 2813 720 2877 ad
755 2815 986 2897 quiescendum
1024 2816 1188 2892 locabant,
1221 2835 1281 2878 nos

108 2943 189 2989 vero
215 2924 251 2987 iu
282 2921 388 3002 ipsum
415 2918 544 2982 alveum
572 2919 678 2986 sancti
699 2919 841 2982 fluminis
860 2903 1089 2982 descendimus
1113 2935 1218 3003 usque
1239 2917 1280 2982 ad

109 3046 239 3112 aquam,
259 3032 294 3088 et
313 3024 515 3107 refrigeratis
536 3023 685 3088 manibus
707 3022 740 3084 iu
769 3022 884 3086 sabulo
907 3041 968 3087 nos
989 3024 1030 3088 ad
1050 3025 1280 3108 quiescendum

109 3133 290 3218 posuimus,
311 3137 344 3191 et
364 3128 408 3192 ibi
429 3145 503 3192 cum
522 3145 603 3209 pace
620 3128 802 3210 quievimus
816 3126 994 3238 'lulum
1017 3131 1094 3216 quia
1108 3146 1173 3194 non
1185 3130 1282 3215 longe
1334 3147 1341 3160 ·

109 3237 227 3302 {bom
246 3234 329 3304 diffie

147 3467 208 3543 De
232 3462 367 3541 Officio
392 3465 515 3540 divino
532 3470 643 3564 juxta
665 3472 830 3540 sanctum
856 3463 985 3538 llumen
1008 3475 1163 3563 peraeto
1187 3468 1224 3541 in
1264 3449 1268 3457 ’

569 3589 654 3685 ejus
678 3585 813 3661 littore.

193 3767 364 3832 vicesima
392 3763 461 3850 die,
492 3783 576 3849 quae
612 3763 672 3828 luit
700 3763 860 3830 dominisa
902 3770 1021 3827 octava
1052 3775 1126 3848 post
1165 3766 1283 3831 testum

112 3881 248 3936 murtae
267 3870 446 3951 Trinitatis,
471 3887 543 3932 cum
568 3870 632 3932 iam
664 3868 753 3932 clara
779 3869 835 3931 lux
865 3877 966 3950 esset,-
999 3875 1199 3936 surrextmus
1220 3889 1310 3934 nos·

112 3975 301 4040 sacerdotes
339 3975 443 4058 primo
489 3983 523 4036 at
552 3973 705 4036 Ollicium
732 3981 875 4035 nostrum
912 3949 975 4034 sie'
993 3971 1027 4034 in
1061 3971 1167 4034 littore
1198 3970 1285 4036 sacri

112 4081 255 4146 fluminis
283 4080 431 4161 legimns.
484 4077 528 4140 lit
556 4096 630 4142 cum
659 4077 834 4142 matutinas
863 4085 896 4138 et
925 4077 1048 4158 primas
1078 4074 1285 4158 legissemus,

114 4184 344 4249 descendimus
365 4199 427 4245 uos
449 4181 559 4245 clerici
586 4199 691 4264 nsque
721 4179 763 4244 ad
791 4198 908 4265 aquam
929 4187 1088 4262 sanctam,
1110 4189 1143 4242 et
1163 4179 1285 4260 incepit

113 4299 230 4358 emtor
251 4288 320 4356 alta
336 4303 422 4350 voce
438 4303 570 4350 versum
587 4283 695 4350 illum:
718 4283 870 4348 bevecra
884 4282 955 4365 puri
969 4282 1110 4365 gurgitis
1131 4280 1284 4358 eoelestia

1032 4375 1071 4436 3,

560 4522 733 4594 '-&
