3132 5206
809 137 852 200 ω
952 95 958 104 .

254 320 341 406 qnod
363 317 520 402 quaedam
539 317 638 392 herba
656 318 774 380 crescit
795 317 828 378 in
850 313 908 380 illo
929 313 1068 398 deserto,
1092 333 1177 400 quite
1194 323 1332 380 vocatur
1351 317 1425 382 ton-

251 431 368 508 gusta,
412 441 508 506 qnam
547 423 701 505 vulgares
741 420 831 482 latini
866 431 1018 504 corrupto
1051 424 1216 486 nominant
1255 419 1424 491 locustam.

252 529 304 592 De
315 529 376 592 hac
386 529 488 591 herba
498 525 656 608 eolligunt
678 542 839 608 pauperes
861 540 1001 605 mmquc
1018 520 1230 605 manducant3
1244 533 1425 588 etsanctns
1558 587 1560 604 Ι

250 631 420 697 Johanues
460 627 501 694 de
531 648 571 692 ea
603 637 719 712 pastus
753 630 824 694 snit.
870 625 964 691 Unde
991 627 1115 710 antiqui
1146 629 1295 691 monachi
1328 627 1426 708 juxta
1558 697 1560 708 ¹

250 735 428 800 Jordanem
460 735 643 798 habitantes
673 732 808 796 cottidie
829 733 864 794 in
885 731 1068 794 refectoriis
1089 732 1159 793 suis
1180 750 1220 796 eo
1240 733 1423 795 utebantur.
1559 761 1560 838 }

250 840 319 906 Mal
339 849 446 904 antem
466 837 620 902 silvestre
644 837 777 922 quidam
800 834 912 898 dicnitt
933 832 1012 897 illud
1036 853 1126 918 esse,
1156 836 1242 917 quod
1264 839 1425 919 reperitur

250 946 284 1017 ln
308 943 430 1013 tunicis
452 947 599 1007 arborum
632 962 691 1025 per
713 959 793 1023 apes
815 946 1055 1022 comportatum.
1102 937 1169 1002 Alii
1192 938 1314 1023 dicunt,
1336 939 1426 1024 qnod

251 1051 319 1112 sint
340 1047 498 1132 quaedam
509 1046 694 1129 arundines,
711 1047 744 1108 in
755 1045 873 1128 quibus
897 1043 1001 1106 dulcis
1022 1060 1143 1106 succus
1163 1045 1317 1126 nascitur,
1337 1063 1425 1127 quae
1545 1101 1548 1106 .

250 1157 402 1216 crescunt
419 1147 515 1228 juxta
536 1151 722 1231 dordonam,
745 1165 827 1231 quas
856 1164 918 1210 nos
938 1148 1141 1211 nominamus
1161 1165 1283 1211 cennas
1305 1149 1424 1233 mellis,

252 1253 293 1316 de
305 1254 423 1336 quibus
434 1271 498 1315 non
515 1251 588 1335 mol,
606 1254 665 1316 sod
677 1254 848 1336 pretiosior
866 1251 990 1335 liquor,
1012 1253 1198 1328 nocherum,
1220 1254 1424 1336 exprimitur.

251 1355 304 1423 lle
330 1358 383 1422 his
404 1357 509 1420 mellis
536 1357 648 1422 dicunt
674 1359 857 1420 iohannem
889 1354 1114 1420 manducasse.
1160 1355 1228 1420 Sed
1253 1357 1307 1420 aiii
1338 1373 1425 1440 pon-

251 1470 364 1526 santes
391 1463 526 1526 verbum
546 1463 698 1543 Domini,
728 1460 867 1524 dicentis
889 1460 998 1523 Mattb
1022 1461 1088 1522 Xl:
1120 1463 1212 1525 vonit
1241 1459 1424 1545 Johannes,

252 1565 365 1648 inquit,
389 1584 453 1628 non
474 1567 684 1648 manuducens,
707 1583 813 1648 neque
825 1566 937 1627 bibens
949 1572 1031 1646 etc.,
1064 1565 1110 1628 ibi
1136 1565 1245 1628 dicunt
1261 1566 1424 1648 doctores,

251 1668 308 1736 illo
328 1667 445 1733 dicitur
465 1688 530 1735 non
550 1672 744 1734 manducare
766 1670 1005 1753 rreqnebibera
1026 1670 1163 1753 quinon
1175 1672 1335 1734 communi
1349 1672 1424 1734 cibo

254 1781 287 1835 et
308 1781 386 1856 potu
407 1773 569 1838 hominum
591 1777 700 1858 ntitnr,
722 1785 754 1838 et
777 1775 849 1858 hoo,
873 1773 961 1858 quod
976 1775 1083 1854 sumit,
1105 1774 1295 1856 parcissime
1311 1777 1423 1856 sumit,

255 1878 344 1939 etin
373 1877 547 1942 solitudine
570 1879 660 1943 solus
687 1881 845 1943 existens.
889 1878 991 1941 Mella
1018 1885 1127 1941 autem
1159 1879 1324 1959 praedicta
1353 1886 1424 1942 tam

255 1978 298 2044 de
319 1983 442 2044 truncis
463 1983 609 2068 collecta,
632 2001 726 2068 qnam
750 1977 790 2046 dc
811 1983 925 2046 cannis
945 1970 1232 2046 antarundlnibns
1254 2001 1423 2066 expresse,

256 2089 393 2149 veniunt
414 2087 446 2150 in
468 2087 575 2152 cibum
597 2108 660 2153 non
683 2105 883 2153 communem
905 2085 1084 2168 hominnm,
1118 2085 1177 2148 sed
1209 2087 1360 2151 nobilium
1389 2097 1424 2150 et

256 2189 363 2268 (2⁰1
384 2189 438 2266 rb)
472 2191 680 2254 delicatorum
710 2201 756 2272 et·
774 2191 1038 2274 crapulosorum,
1069 2198 1103 2252 et
1123 2193 1188 2254 cibi
1209 2192 1274 2270 alii,
1296 2203 1332 2256 nt
1355 2195 1424 2256 sint

255 2293 444 2358 delicabiles
466 2303 499 2357 et
522 2296 687 2378 saporosi,
720 2296 915 2360 condiuntur
936 2302 970 2357 et
1001 2294 1098 2357 melle
1124 2303 1156 2357 et
1178 2297 1339 2376 zucharo,
1381 2296 1424 2360 de

253 2398 370 2479 quibus
387 2397 429 2466 S.
450 2399 633 2462 Johsnnem
656 2399 872 2463 manducasse
894 2399 1003 2462 dicere
1027 2399 1078 2462 ias
1100 2418 1164 2462 non
1187 2409 1253 2482 est,
1281 2402 1312 2463 si
1336 2402 1423 2462 enim

252 2501 286 2564 in
309 2501 403 2565 domo
421 2509 556 2584 paterna
569 2503 670 2568 noluit
692 2503 862 2568 comedere
884 2504 990 2566 cibum
1008 2511 1146 2586 coctum,
1170 2505 1304 2586 fructus,
1327 2505 1424 2588 legn-

187 2672 192 2680 ,
252 2607 356 2688 mina,
388 2606 546 2690 quomodo
569 2609 602 2670 in
625 2606 752 2671 deserto
775 2607 983 2674 manducaret
1006 2625 1202 2690 expressum
1235 2609 1423 2691 racharum,

233 2712 349 2776 *favos
372 2721 405 2774 et
425 2707 544 2776 mella?
567 2713 691 2778 Dicunt
709 2727 797 2796 ergo,
819 2712 906 2795 quod
918 2713 984 2775 sint
1001 2712 1276 2794 certaequaedam
1295 2713 1424 2778 radices

253 2816 437 2900 herbarum,
470 2836 553 2900 quae
583 2820 788 2881 nominantur
813 2817 876 2880 mel
902 2815 1063 2878 silvestre.
1105 2817 1173 2879 Alii
1194 2816 1315 2898 dicunt,
1337 2817 1425 2901 quon

254 2920 317 2982 mol
340 2921 492 2984 silvestro
512 2923 577 2984 sint
597 2923 756 3004 quaedam
781 2921 858 2983 lolia
880 2919 1079 3004 quarundam
1102 2921 1314 3003 arbustarum,
1339 2921 1424 3004 alba,

160 3015 163 3023 “
254 3030 367 3085 tenera
398 3031 433 3084 et
455 3024 613 3107 rotundo,
652 3044 736 3107 quae
767 3027 916 3088 manibus
949 3026 1086 3088 contrita
1116 3026 1235 3090 habent
1263 3026 1423 3110 quendam

254 3124 361 3188 mellis
384 3143 543 3207 saporem.
574 3127 641 3190 Alii
661 3145 740 3192 vero
762 3128 883 3210 dicunt,
904 3129 990 3212 qnod
1011 3131 1055 3194 ibi
1076 3140 1225 3194 crescunt
1242 3133 1275 3194 in
1287 3132 1424 3215 quium-

254 3227 328 3293 dam
350 3230 532 3292 arbusculis
558 3231 712 3314 iollicnli,
733 3233 767 3296 in
789 3234 906 3317 quibus
925 3250 1028 3317 grana
1049 3243 1128 3298 sunt
1148 3236 1231 3298 sicut
1255 3234 1360 3318 fabae,
1382 3235 1425 3299 de

226 3387 230 3398 .
254 3335 371 3420 quibus
392 3334 510 3399 dicitur
527 3333 561 3397 S.
576 3335 746 3399 Johannes
768 3336 991 3402 manducasse.
1035 3335 1086 3400 De
1107 3339 1158 3402 luis
1180 3357 1313 3422 campus
1333 3349 1423 3404 totus

253 3437 313 3503 iuli
335 3441 491 3524 repletus,
512 3441 640 3522 quando
662 3457 724 3524 ego
748 3443 793 3506 tui
815 3445 848 3505 in
870 3443 926 3506 illo
948 3439 1087 3524 deserto,
1107 3442 1169 3506 sed
1191 3441 1285 3506 labae
1304 3445 1337 3505 in
1356 3443 1423 3507 illis

252 3541 405 3608 folliculis
426 3554 517 3608 erartt
528 3545 638 3629 durae,
660 3555 694 3608 nt
716 3545 853 3628 lapides,
875 3563 937 3610 nec
954 3555 1098 3629 poteram
1120 3546 1420 3631 dentibnsaliquam

251 3643 407 3710 dividere.
451 3649 520 3714 Alii
540 3650 669 3734 dicunt,
690 3651 778 3735 quod
798 3653 831 3714 in
852 3650 1058 3716 illodeserto
1078 3652 1144 3713 sint
1167 3655 1316 3734 arbores,
1337 3669 1423 3735 qua-

247 3767 321 3848 pum
349 3752 487 3817 fructum
509 3756 635 3844 carrobi
655 3757 837 3838 nominant,
861 3759 947 3821 sicut
968 3764 1057 3837 patet
1078 3757 1229 3837 superius
1252 3755 1421 3846 toldell,

251 3863 285 3916 ct
306 3865 383 3918 sunt
403 3855 534 3940 oblongi
556 3857 708 3941 iollicnli,
730 3860 832 3942 nigri,
859 3861 915 3942 qni
949 3859 1145 3923 excorticati
1163 3860 1238 3924 boni
1270 3869 1347 3924 sunt
1377 3861 1422 3924 ad

253 3953 528 4044 manducandum,
549 3969 582 4024 et
603 3965 663 4027 hos
686 3964 809 4026 fructus
831 3964 950 4046 ubique
971 3964 1137 4031 nominant
1164 3981 1281 4047 penem
1302 3964 1338 4030 S.
1357 3965 1421 4030 Jo-

251 4063 380 4148 banuis,
403 4073 436 4129 'et
457 4073 654 4130 mercatores
672 4067 858 4149 specierum
880 4069 914 4132 in
935 4069 1004 4130 suis
1032 4069 1161 4151 patagio
1190 4069 1354 4150 venduut,
1386 4079 1419 4131 et

250 4169 285 4234 in
303 4165 427 4235 oriente
448 4169 567 4236 nulllus
588 4173 681 4254 pretii
704 4181 799 4253 sunt,
824 4181 858 4235 ct
878 4189 1037 4256 pauperes
1069 4175 1232 4252 homines,
1252 4173 1420 4258 eolligunt,
