<?xml version="1.0" encoding="UTF-8"?>
<!DOCTYPE html PUBLIC "-//W3C//DTD XHTML 1.0 Transitional//EN"
    "http://www.w3.org/TR/xhtml1/DTD/xhtml1-transitional.dtd">
<html xmlns="http://www.w3.org/1999/xhtml" xml:lang="en" lang="en">
 <head>
  <title>
</title>
<meta http-equiv="Content-Type" content="text/html;charset=utf-8" />
  <meta name='ocr-system' content='tesseract 3.04.00' />
  <meta name='ocr-capabilities' content='ocr_page ocr_carea ocr_par ocr_line ocrx_word'/>
</head>
<body>
  <div class='ocr_page' id='page_1' title='image "./fratrisfelicisf04fabrgoog_0037.png"; bbox 0 0 3132 5206; ppageno 0'>
   <div class='ocr_carea' id='block_1_1' title="bbox 496 117 589 234">
    <p class='ocr_par' dir='ltr' id='par_1_1' title="bbox 496 117 589 234">
     <span class='ocr_line' id='line_1_1' title="bbox 513 117 542 144; baseline 0 -22"><span class='ocrx_word' id='word_1_1' title='bbox 513 117 542 144; x_wconf 11' lang='lat'><strong>¹„</strong></span> 
     </span>
     <span class='ocr_line' id='line_1_2' title="bbox 501 141 589 234; baseline 0 0"><span class='ocrx_word' id='word_1_2' title='bbox 501 141 589 234; x_wconf 54' lang='grc' dir='ltr'><strong>Ι..</strong></span> 
     </span>
     <span class='ocr_line' id='line_1_3' title="bbox 496 199 537 206; baseline -0.049 0"><span class='ocrx_word' id='word_1_3' title='bbox 496 199 537 206; x_wconf 74' lang='grc'><strong>.,</strong></span> 
     </span>
    </p>
   </div>
   <div class='ocr_carea' id='block_1_2' title="bbox 107 401 1364 1222">
    <p class='ocr_par' dir='ltr' id='par_1_2' title="bbox 107 401 1364 1222">
     <span class='ocr_line' id='line_1_4' title="bbox 107 401 1364 493; baseline -0.004 -25"><span class='ocrx_word' id='word_1_4' title='bbox 107 406 269 470; x_wconf 79' lang='lat' dir='ltr'><strong>bacae-l.</strong></span> <span class='ocrx_word' id='word_1_5' title='bbox 300 403 387 470; x_wconf 72' lang='lat' dir='ltr'><strong>em</strong></span> <span class='ocrx_word' id='word_1_6' title='bbox 405 405 462 470; x_wconf 90' lang='lat' dir='ltr'><strong>illo</strong></span> <span class='ocrx_word' id='word_1_7' title='bbox 483 421 562 488; x_wconf 75' lang='lat' dir='ltr'><strong>ergo</strong></span> <span class='ocrx_word' id='word_1_8' title='bbox 583 412 685 471; x_wconf 86' lang='lat' dir='ltr'><strong>cantu</strong></span> <span class='ocrx_word' id='word_1_9' title='bbox 704 403 746 468; x_wconf 85' lang='lat' dir='ltr'><strong>ad</strong></span> <span class='ocrx_word' id='word_1_10' title='bbox 767 402 938 486; x_wconf 82' lang='lat' dir='ltr'><strong>superiora</strong></span> <span class='ocrx_word' id='word_1_11' title='bbox 955 403 1115 486; x_wconf 88' lang='lat' dir='ltr'><strong>venimus,</strong></span> <span class='ocrx_word' id='word_1_12' title='bbox 1128 401 1192 466; x_wconf 86' lang='lat' dir='ltr'><strong>-nbi</strong></span> <span class='ocrx_word' id='word_1_13' title='bbox 1212 409 1284 464; x_wconf 83' lang='lat' dir='ltr'><strong>erat</strong></span> <span class='ocrx_word' id='word_1_14' title='bbox 1358 480 1364 493; x_wconf 35' lang='grc' dir='ltr'>Ι</span> 
     </span>
     <span class='ocr_line' id='line_1_5' title="bbox 108 507 1283 594; baseline -0.002 -22"><span class='ocrx_word' id='word_1_15' title='bbox 108 509 344 592; x_wconf 84' lang='lat' dir='ltr'><strong>habitaculum,</strong></span> <span class='ocrx_word' id='word_1_16' title='bbox 365 512 400 573; x_wconf 94' lang='lat' dir='ltr'><strong>in</strong></span> <span class='ocrx_word' id='word_1_17' title='bbox 421 527 486 594; x_wconf 81' lang='lat' dir='ltr'><strong>qao</strong></span> <span class='ocrx_word' id='word_1_18' title='bbox 507 517 616 572; x_wconf 76' lang='lat' dir='ltr'><strong>mutus</strong></span> <span class='ocrx_word' id='word_1_19' title='bbox 638 509 821 572; x_wconf 79' lang='lat' dir='ltr'><strong>Zacharias</strong></span> <span class='ocrx_word' id='word_1_20' title='bbox 849 507 953 591; x_wconf 89' lang='lat' dir='ltr'><strong>sedit,</strong></span> <span class='ocrx_word' id='word_1_21' title='bbox 989 509 1099 592; x_wconf 88' lang='lat' dir='ltr'><strong>ibique</strong></span> <span class='ocrx_word' id='word_1_22' title='bbox 1119 507 1283 590; x_wconf 85' lang='lat' dir='ltr'><strong>postulato</strong></span> 
     </span>
     <span class='ocr_line' id='line_1_6' title="bbox 108 612 1282 698; baseline -0.002 -22"><span class='ocrx_word' id='word_1_23' title='bbox 108 614 261 698; x_wconf 65' lang='lat' dir='ltr'><strong>pugillari</strong></span> <span class='ocrx_word' id='word_1_24' title='bbox 281 616 430 698; x_wconf 74' lang='lat' dir='ltr'><strong>scripsit:</strong></span> <span class='ocrx_word' id='word_1_25' title='bbox 448 614 619 679; x_wconf 87' lang='lat' dir='ltr'><strong>Johannes</strong></span> <span class='ocrx_word' id='word_1_26' title='bbox 639 625 694 676; x_wconf 74' lang='lat' dir='ltr'><strong>est</strong></span> <span class='ocrx_word' id='word_1_27' title='bbox 710 631 838 678; x_wconf 81' lang='lat' dir='ltr'><strong>nomem</strong></span> <span class='ocrx_word' id='word_1_28' title='bbox 860 612 942 695; x_wconf 88' lang='lat' dir='ltr'><strong>ejus.</strong></span> <span class='ocrx_word' id='word_1_29' title='bbox 985 612 1034 676; x_wconf 89' lang='lat' dir='ltr'><strong>lbi</strong></span> <span class='ocrx_word' id='word_1_30' title='bbox 1056 613 1154 676; x_wconf 88' lang='lat' dir='ltr'><strong>etiam</strong></span> <span class='ocrx_word' id='word_1_31' title='bbox 1185 613 1282 693; x_wconf 86' lang='lat' dir='ltr'><strong>apci-</strong></span> 
     </span>
     <span class='ocr_line' id='line_1_7' title="bbox 109 716 1283 802; baseline -0.005 -18"><span class='ocrx_word' id='word_1_32' title='bbox 109 731 179 786; x_wconf 81' lang='lat' dir='ltr'><strong>tum</strong></span> <span class='ocrx_word' id='word_1_33' title='bbox 200 729 253 783; x_wconf 89' lang='lat' dir='ltr'><strong>est</strong></span> <span class='ocrx_word' id='word_1_34' title='bbox 271 720 359 784; x_wconf 87' lang='lat' dir='ltr'><strong>illico</strong></span> <span class='ocrx_word' id='word_1_35' title='bbox 379 738 418 784; x_wconf 92' lang='lat' dir='ltr'><strong>os</strong></span> <span class='ocrx_word' id='word_1_36' title='bbox 439 719 536 802; x_wconf 61' lang='lat' dir='ltr'><strong>eju,</strong></span> <span class='ocrx_word' id='word_1_37' title='bbox 559 726 593 781; x_wconf 93' lang='lat' dir='ltr'><strong>et</strong></span> <span class='ocrx_word' id='word_1_38' title='bbox 612 718 820 802; x_wconf 74' lang='lat' dir='ltr'><strong>prophetavit</strong></span> <span class='ocrx_word' id='word_1_39' title='bbox 840 716 952 780; x_wconf 88' lang='lat' dir='ltr'><strong>dicens</strong></span> <span class='ocrx_word' id='word_1_40' title='bbox 978 724 1013 778; x_wconf 91' lang='lat' dir='ltr'><strong>et</strong></span> <span class='ocrx_word' id='word_1_41' title='bbox 1032 717 1283 784; x_wconf 70' lang='lat' dir='ltr'><strong>contrusa-lis-</strong></span> 
     </span>
     <span class='ocr_line' id='line_1_8' title="bbox 109 822 1324 905; baseline -0.012 -15"><span class='ocrx_word' id='word_1_42' title='bbox 109 824 262 890; x_wconf 79' lang='lat' dir='ltr'><strong>nediotus</strong></span> <span class='ocrx_word' id='word_1_43' title='bbox 279 823 439 892; x_wconf 73' lang='lat' dir='ltr'><strong>Doar&#39;m</strong></span> <span class='ocrx_word' id='word_1_44' title='bbox 459 833 520 889; x_wconf 82' lang='lat' dir='ltr'><strong>oto</strong></span> <span class='ocrx_word' id='word_1_45' title='bbox 566 823 614 886; x_wconf 91' lang='lat' dir='ltr'><strong>lbi</strong></span> <span class='ocrx_word' id='word_1_46' title='bbox 633 839 712 905; x_wconf 70' lang='lat' dir='ltr'><strong>erge</strong></span> <span class='ocrx_word' id='word_1_47' title='bbox 727 825 766 884; x_wconf 89' lang='lat' dir='ltr'><strong>iu</strong></span> <span class='ocrx_word' id='word_1_48' title='bbox 787 823 934 884; x_wconf 88' lang='lat' dir='ltr'><strong>oratione</strong></span> <span class='ocrx_word' id='word_1_49' title='bbox 955 837 1016 884; x_wconf 90' lang='lat' dir='ltr'><strong>nos</strong></span> <span class='ocrx_word' id='word_1_50' title='bbox 1048 822 1283 905; x_wconf 70' lang='lat' dir='ltr'><strong>prostravimus</strong></span> <span class='ocrx_word' id='word_1_51' title='bbox 1321 865 1324 876; x_wconf 94' lang='lat'>.</span> 
     </span>
     <span class='ocr_line' id='line_1_9' title="bbox 109 925 1324 1012; baseline -0.008 -20"><span class='ocrx_word' id='word_1_52' title='bbox 109 939 145 992; x_wconf 82' lang='lat' dir='ltr'><strong>et</strong></span> <span class='ocrx_word' id='word_1_53' title='bbox 174 928 394 1012; x_wconf 77' lang='lat' dir='ltr'><strong>indulgentias</strong></span> <span class='ocrx_word' id='word_1_54' title='bbox 414 929 597 1011; x_wconf 88' lang='lat' dir='ltr'><strong>recepimus</strong></span> <span class='ocrx_word' id='word_1_55' title='bbox 624 925 693 1010; x_wconf 60' lang='grc' dir='ltr'><strong>(ᾗ.</strong></span> <span class='ocrx_word' id='word_1_56' title='bbox 736 926 891 1008; x_wconf 78' lang='lat' dir='ltr'><strong>nemum,</strong></span> <span class='ocrx_word' id='word_1_57' title='bbox 925 943 998 989; x_wconf 88' lang='lat' dir='ltr'><strong>cum</strong></span> <span class='ocrx_word' id='word_1_58' title='bbox 1028 926 1284 990; x_wconf 78' lang='lat' dir='ltr'><strong>surrexissemus</strong></span> <span class='ocrx_word' id='word_1_59' title='bbox 1321 975 1324 982; x_wconf 94' lang='lat'><em>.</em></span> 
     </span>
     <span class='ocr_line' id='line_1_10' title="bbox 109 1029 1325 1116; baseline -0.007 -20"><span class='ocrx_word' id='word_1_60' title='bbox 109 1037 154 1096; x_wconf 82' lang='lat' dir='ltr'><strong>ab</strong></span> <span class='ocrx_word' id='word_1_61' title='bbox 175 1037 338 1116; x_wconf 86' lang='lat' dir='ltr'><strong>oratione,</strong></span> <span class='ocrx_word' id='word_1_62' title='bbox 360 1038 579 1099; x_wconf 69' lang='lat' dir='ltr'><strong>convertimus</strong></span> <span class='ocrx_word' id='word_1_63' title='bbox 608 1050 670 1096; x_wconf 88' lang='lat' dir='ltr'><strong>nos</strong></span> <span class='ocrx_word' id='word_1_64' title='bbox 692 1030 735 1094; x_wconf 91' lang='lat' dir='ltr'><strong>ad</strong></span> <span class='ocrx_word' id='word_1_65' title='bbox 755 1031 819 1096; x_wconf 90' lang='lat' dir='ltr'><strong>loci</strong></span> <span class='ocrx_word' id='word_1_66' title='bbox 853 1029 1161 1112; x_wconf 71' lang='lat' dir='ltr'><strong>considerationem,</strong></span> <span class='ocrx_word' id='word_1_67' title='bbox 1198 1039 1230 1091; x_wconf 90' lang='lat' dir='ltr'><strong>et</strong></span> <span class='ocrx_word' id='word_1_68' title='bbox 1250 1029 1285 1092; x_wconf 90' lang='lat' dir='ltr'><strong>in</strong></span> <span class='ocrx_word' id='word_1_69' title='bbox 1322 1081 1325 1088; x_wconf 93' lang='lat'><em>.</em></span> 
     </span>
     <span class='ocr_line' id='line_1_11' title="bbox 108 1131 1285 1222; baseline -0.005 -20"><span class='ocrx_word' id='word_1_70' title='bbox 108 1137 379 1222; x_wconf 81' lang='lat' dir='ltr'><strong>sinistropariete</strong></span> <span class='ocrx_word' id='word_1_71' title='bbox 391 1139 533 1209; x_wconf 85' lang='lat' dir='ltr'><strong>vidimus</strong></span> <span class='ocrx_word' id='word_1_72' title='bbox 540 1155 692 1222; x_wconf 78' lang='lat' dir='ltr'><strong>magnam</strong></span> <span class='ocrx_word' id='word_1_73' title='bbox 703 1135 875 1200; x_wconf 86' lang='lat' dir='ltr'><strong>ecclesiam</strong></span> <span class='ocrx_word' id='word_1_74' title='bbox 887 1136 1082 1200; x_wconf 84' lang='lat' dir='ltr'><strong>aienestram</strong></span> <span class='ocrx_word' id='word_1_75' title='bbox 1089 1131 1153 1217; x_wconf 73' lang='lat' dir='ltr'><strong>[i],</strong></span> <span class='ocrx_word' id='word_1_76' title='bbox 1166 1135 1285 1197; x_wconf 69' lang='lat' dir='ltr'><strong>iactam</strong></span> 
     </span>
    </p>
   </div>
   <div class='ocr_carea' id='block_1_3' title="bbox 108 1232 1521 1430">
    <p class='ocr_par' dir='ltr' id='par_1_3' title="bbox 108 1232 1521 1430">
     <span class='ocr_line' id='line_1_12' title="bbox 109 1232 1428 1325; baseline -0.006 -17"><span class='ocrx_word' id='word_1_77' title='bbox 109 1261 172 1325; x_wconf 89' lang='lat' dir='ltr'><strong>pro</strong></span> <span class='ocrx_word' id='word_1_78' title='bbox 193 1245 412 1308; x_wconf 81' lang='lat' dir='ltr'><strong>raservacalo.</strong></span> <span class='ocrx_word' id='word_1_79' title='bbox 443 1249 481 1308; x_wconf 92' lang='lat' dir='ltr'><strong>ln</strong></span> <span class='ocrx_word' id='word_1_80' title='bbox 503 1245 565 1308; x_wconf 88' lang='lat' dir='ltr'><strong>hoo</strong></span> <span class='ocrx_word' id='word_1_81' title='bbox 586 1241 828 1306; x_wconf 83' lang='lat' dir='ltr'><strong>rassrvaculum</strong></span> <span class='ocrx_word' id='word_1_82' title='bbox 850 1242 982 1304; x_wconf 88' lang='lat' dir='ltr'><strong>intrusit</strong></span> <span class='ocrx_word' id='word_1_83' title='bbox 1002 1239 1169 1303; x_wconf 79' lang='lat' dir='ltr'><strong>llltsabeth</strong></span> <span class='ocrx_word' id='word_1_84' title='bbox 1190 1256 1285 1302; x_wconf 87' lang='lat' dir='ltr'><strong>suum</strong></span> <span class='ocrx_word' id='word_1_85' title='bbox 1415 1232 1428 1263; x_wconf 67' lang='lat'>*</span> 
     </span>
     <span class='ocr_line' id='line_1_13' title="bbox 108 1343 1521 1430; baseline -0.006 -18"><span class='ocrx_word' id='word_1_86' title='bbox 108 1347 316 1430; x_wconf 73' lang='lat' dir='ltr'><strong>infantulum,</strong></span> <span class='ocrx_word' id='word_1_87' title='bbox 337 1357 487 1412; x_wconf 88' lang='lat' dir='ltr'><strong>sanctum</strong></span> <span class='ocrx_word' id='word_1_88' title='bbox 497 1348 679 1412; x_wconf 78' lang='lat' dir='ltr'><strong>Johmrncm</strong></span> <span class='ocrx_word' id='word_1_89' title='bbox 690 1346 885 1429; x_wconf 86' lang='lat' dir='ltr'><strong>Baptistam,</strong></span> <span class='ocrx_word' id='word_1_90' title='bbox 907 1355 939 1408; x_wconf 90' lang='lat' dir='ltr'><strong>et</strong></span> <span class='ocrx_word' id='word_1_91' title='bbox 960 1343 1141 1426; x_wconf 73' lang='lat' dir='ltr'><strong>abscondit,</strong></span> <span class='ocrx_word' id='word_1_92' title='bbox 1157 1343 1285 1426; x_wconf 82' lang='lat' dir='ltr'><strong>qnmrdo</strong></span> <span class='ocrx_word' id='word_1_93' title='bbox 1380 1345 1400 1374; x_wconf 81' lang='lat'><strong>⁴</strong></span> <span class='ocrx_word' id='word_1_94' title='bbox 1518 1347 1521 1356; x_wconf 84' lang='grc'><strong><em>’</em></strong></span> 
     </span>
    </p>
   </div>
   <div class='ocr_carea' id='block_1_4' title="bbox 108 1449 1286 1744">
    <p class='ocr_par' dir='ltr' id='par_1_4' title="bbox 108 1449 1286 1744">
     <span class='ocr_line' id='line_1_14' title="bbox 108 1449 1286 1535; baseline -0.005 -19"><span class='ocrx_word' id='word_1_95' title='bbox 108 1454 203 1516; x_wconf 77' lang='lat' dir='ltr'><strong>servi</strong></span> <span class='ocrx_word' id='word_1_96' title='bbox 232 1451 375 1517; x_wconf 87' lang='lat' dir='ltr'><strong>Herodis</strong></span> <span class='ocrx_word' id='word_1_97' title='bbox 397 1453 615 1517; x_wconf 84' lang='lat' dir='ltr'><strong>discurrerunt</strong></span> <span class='ocrx_word' id='word_1_98' title='bbox 635 1470 695 1535; x_wconf 84' lang='lat' dir='ltr'><strong>per</strong></span> <span class='ocrx_word' id='word_1_99' title='bbox 721 1449 806 1514; x_wconf 75' lang='lat' dir='ltr'><strong>flues</strong></span> <span class='ocrx_word' id='word_1_100' title='bbox 838 1449 912 1512; x_wconf 88' lang='lat' dir='ltr'><strong>illos</strong></span> <span class='ocrx_word' id='word_1_101' title='bbox 940 1449 983 1514; x_wconf 85' lang='lat' dir='ltr'><strong>ad</strong></span> <span class='ocrx_word' id='word_1_102' title='bbox 1012 1449 1231 1533; x_wconf 85' lang='lat' dir='ltr'><strong>quaerendum</strong></span> <span class='ocrx_word' id='word_1_103' title='bbox 1253 1457 1286 1510; x_wconf 87' lang='lat' dir='ltr'><strong>et</strong></span> 
     </span>
     <span class='ocr_line' id='line_1_15' title="bbox 109 1552 1286 1639; baseline -0.003 -19"><span class='ocrx_word' id='word_1_104' title='bbox 109 1556 326 1621; x_wconf 86' lang='lat' dir='ltr'><strong>occidendum</strong></span> <span class='ocrx_word' id='word_1_105' title='bbox 347 1557 499 1620; x_wconf 79' lang='lat' dir='ltr'><strong>infantes.</strong></span> <span class='ocrx_word' id='word_1_106' title='bbox 544 1555 695 1620; x_wconf 84' lang='lat' dir='ltr'><strong>Croditnr</strong></span> <span class='ocrx_word' id='word_1_107' title='bbox 714 1557 819 1637; x_wconf 89' lang='lat' dir='ltr'><strong>enlm,</strong></span> <span class='ocrx_word' id='word_1_108' title='bbox 836 1555 924 1639; x_wconf 84' lang='lat' dir='ltr'><strong>quod</strong></span> <span class='ocrx_word' id='word_1_109' title='bbox 947 1557 1044 1619; x_wconf 88' lang='lat' dir='ltr'><strong>etiam</strong></span> <span class='ocrx_word' id='word_1_110' title='bbox 1065 1555 1204 1618; x_wconf 85' lang='lat' dir='ltr'><strong>inillam</strong></span> <span class='ocrx_word' id='word_1_111' title='bbox 1225 1552 1286 1616; x_wconf 87' lang='lat' dir='ltr'><strong>do·</strong></span> 
     </span>
     <span class='ocr_line' id='line_1_16' title="bbox 110 1658 1285 1744; baseline -0.003 -20"><span class='ocrx_word' id='word_1_112' title='bbox 110 1680 203 1724; x_wconf 78' lang='lat' dir='ltr'><strong>mum</strong></span> <span class='ocrx_word' id='word_1_113' title='bbox 224 1661 442 1725; x_wconf 89' lang='lat' dir='ltr'><strong>ascenderunt</strong></span> <span class='ocrx_word' id='word_1_114' title='bbox 462 1661 741 1744; x_wconf 84' lang='lat' dir='ltr'><strong>adquaerendam</strong></span> <span class='ocrx_word' id='word_1_115' title='bbox 762 1661 914 1724; x_wconf 79' lang='lat' dir='ltr'><strong>infantes.</strong></span> <span class='ocrx_word' id='word_1_116' title='bbox 949 1659 1018 1724; x_wconf 80' lang='lat' dir='ltr'><strong>Sed</strong></span> <span class='ocrx_word' id='word_1_117' title='bbox 1039 1678 1111 1726; x_wconf 82' lang='lat' dir='ltr'><strong>carn</strong></span> <span class='ocrx_word' id='word_1_118' title='bbox 1135 1658 1285 1724; x_wconf 81' lang='lat' dir='ltr'><strong>viderent</strong></span> 
     </span>
    </p>
   </div>
   <div class='ocr_carea' id='block_1_5' title="bbox 110 1730 1450 1960">
    <p class='ocr_par' dir='ltr' id='par_1_5' title="bbox 110 1730 1450 1960">
     <span class='ocr_line' id='line_1_17' title="bbox 110 1730 1450 1866; baseline -0.003 -38"><span class='ocrx_word' id='word_1_119' title='bbox 110 1765 198 1830; x_wconf 90' lang='lat' dir='ltr'><strong>duos</strong></span> <span class='ocrx_word' id='word_1_120' title='bbox 218 1783 318 1829; x_wconf 67' lang='lat' dir='ltr'><strong>mnes</strong></span> <span class='ocrx_word' id='word_1_121' title='bbox 338 1766 498 1860; x_wconf 76' lang='lat' dir='ltr'><strong>hominos,</strong></span> <span class='ocrx_word' id='word_1_122' title='bbox 518 1766 711 1830; x_wconf 82' lang='lat' dir='ltr'><strong>Zachariam</strong></span> <span class='ocrx_word' id='word_1_123' title='bbox 734 1774 767 1829; x_wconf 89' lang='lat' dir='ltr'><strong>et</strong></span> <span class='ocrx_word' id='word_1_124' title='bbox 788 1766 967 1847; x_wconf 78' lang='lat' dir='ltr'><strong>Elisabeth,</strong></span> <span class='ocrx_word' id='word_1_125' title='bbox 984 1785 1048 1866; x_wconf 81' lang='lat' dir='ltr'><strong>non</strong></span> <span class='ocrx_word' id='word_1_126' title='bbox 1070 1763 1285 1847; x_wconf 86' lang='lat' dir='ltr'><strong>suspicaban-</strong></span> <span class='ocrx_word' id='word_1_127' title='bbox 1320 1817 1321 1820; x_wconf 70' lang='grc'>,</span> <span class='ocrx_word' id='word_1_128' title='bbox 1370 1832 1377 1843; x_wconf 52' lang='grc'><strong>,</strong></span> <span class='ocrx_word' id='word_1_129' title='bbox 1443 1730 1450 1746; x_wconf 61' lang='grc'><strong>’</strong></span> 
     </span>
     <span class='ocr_line' id='line_1_18' title="bbox 111 1867 1404 1960; baseline -0.001 -28"><span class='ocrx_word' id='word_1_130' title='bbox 111 1879 168 1933; x_wconf 86' lang='lat' dir='ltr'><strong>tur</strong></span> <span class='ocrx_word' id='word_1_131' title='bbox 188 1869 274 1952; x_wconf 85' lang='lat' dir='ltr'><strong>apud</strong></span> <span class='ocrx_word' id='word_1_132' title='bbox 296 1867 355 1938; x_wconf 80' lang='lat' dir='ltr'><strong>cos</strong></span> <span class='ocrx_word' id='word_1_133' title='bbox 377 1872 533 1938; x_wconf 68' lang='lat' dir='ltr'><strong>Mentem</strong></span> <span class='ocrx_word' id='word_1_134' title='bbox 550 1871 689 1954; x_wconf 76' lang='lat' dir='ltr'><strong>aliquem</strong></span> <span class='ocrx_word' id='word_1_135' title='bbox 720 1879 753 1934; x_wconf 82' lang='lat' dir='ltr'><strong>et</strong></span> <span class='ocrx_word' id='word_1_136' title='bbox 775 1871 873 1934; x_wconf 85' lang='lat' dir='ltr'><strong>citius</strong></span> <span class='ocrx_word' id='word_1_137' title='bbox 896 1879 1119 1953; x_wconf 86' lang='lat' dir='ltr'><strong>recesserunt,</strong></span> <span class='ocrx_word' id='word_1_138' title='bbox 1152 1877 1186 1932; x_wconf 90' lang='lat' dir='ltr'><strong>et</strong></span> <span class='ocrx_word' id='word_1_139' title='bbox 1205 1885 1287 1950; x_wconf 89' lang='lat' dir='ltr'><strong>puer</strong></span> <span class='ocrx_word' id='word_1_140' title='bbox 1395 1943 1404 1960; x_wconf 39' lang='grc' dir='ltr'>ι</span> 
     </span>
    </p>
   </div>
   <div class='ocr_carea' id='block_1_6' title="bbox 110 1972 1287 2162">
    <p class='ocr_par' dir='ltr' id='par_1_6' title="bbox 110 1972 1287 2162">
     <span class='ocr_line' id='line_1_19' title="bbox 110 1972 1285 2058; baseline -0.005 -19"><span class='ocrx_word' id='word_1_141' title='bbox 110 1975 285 2039; x_wconf 70' lang='lat' dir='ltr'><strong>Johaanoe</strong></span> <span class='ocrx_word' id='word_1_142' title='bbox 317 1978 448 2039; x_wconf 83' lang='lat' dir='ltr'><strong>mansit.</strong></span> <span class='ocrx_word' id='word_1_143' title='bbox 491 1976 651 2039; x_wconf 80' lang='lat' dir='ltr'><strong>Albertus</strong></span> <span class='ocrx_word' id='word_1_144' title='bbox 675 1984 783 2038; x_wconf 88' lang='lat' dir='ltr'><strong>tamen</strong></span> <span class='ocrx_word' id='word_1_145' title='bbox 816 1975 928 2040; x_wconf 86' lang='lat' dir='ltr'><strong>scribit</strong></span> <span class='ocrx_word' id='word_1_146' title='bbox 958 1995 1058 2058; x_wconf 89' lang='lat' dir='ltr'><strong>super</strong></span> <span class='ocrx_word' id='word_1_147' title='bbox 1088 1975 1168 2036; x_wconf 82' lang='lat' dir='ltr'><strong>Luc.</strong></span> <span class='ocrx_word' id='word_1_148' title='bbox 1191 1989 1220 2034; x_wconf 87' lang='lat' dir='ltr'><strong>c.</strong></span> <span class='ocrx_word' id='word_1_149' title='bbox 1245 1972 1285 2053; x_wconf 89' lang='lat' dir='ltr'><strong>l.,</strong></span> 
     </span>
     <span class='ocr_line' id='line_1_20' title="bbox 112 2074 1287 2162; baseline -0.003 -22"><span class='ocrx_word' id='word_1_150' title='bbox 112 2079 311 2142; x_wconf 80' lang='lat' dir='ltr'><strong>Zachariam</strong></span> <span class='ocrx_word' id='word_1_151' title='bbox 340 2080 386 2142; x_wconf 89' lang='lat' dir='ltr'><strong>ibi</strong></span> <span class='ocrx_word' id='word_1_152' title='bbox 421 2080 461 2143; x_wconf 85' lang='lat' dir='ltr'><strong>ab</strong></span> <span class='ocrx_word' id='word_1_153' title='bbox 493 2079 691 2145; x_wconf 86' lang='lat' dir='ltr'><strong>Herodianis</strong></span> <span class='ocrx_word' id='word_1_154' title='bbox 718 2080 879 2162; x_wconf 83' lang='lat' dir='ltr'><strong>occisum,</strong></span> <span class='ocrx_word' id='word_1_155' title='bbox 912 2081 988 2162; x_wconf 81' lang='lat' dir='ltr'><strong>quia</strong></span> <span class='ocrx_word' id='word_1_156' title='bbox 1018 2079 1119 2142; x_wconf 88' lang='lat' dir='ltr'><strong>noluit</strong></span> <span class='ocrx_word' id='word_1_157' title='bbox 1151 2074 1287 2158; x_wconf 86' lang='lat' dir='ltr'><strong>prodero</strong></span> 
     </span>
    </p>
   </div>
   <div class='ocr_carea' id='block_1_7' title="bbox 1 2179 1287 2268">
    <p class='ocr_par' dir='ltr' id='par_1_7' title="bbox 1 2179 1287 2268">
     <span class='ocr_line' id='line_1_21' title="bbox 1 2179 1287 2268; baseline -0.005 -20"><span class='ocrx_word' id='word_1_158' title='bbox 1 2235 2 2248; x_wconf 67' lang='grc'>,</span> <span class='ocrx_word' id='word_1_159' title='bbox 112 2203 272 2268; x_wconf 85' lang='lat' dir='ltr'><strong>puerum,</strong></span> <span class='ocrx_word' id='word_1_160' title='bbox 297 2193 334 2248; x_wconf 84' lang='lat' dir='ltr'><strong>nt</strong></span> <span class='ocrx_word' id='word_1_161' title='bbox 355 2184 440 2258; x_wconf 84' lang='lat' dir='ltr'><strong>inira</strong></span> <span class='ocrx_word' id='word_1_162' title='bbox 461 2185 594 2266; x_wconf 86' lang='lat' dir='ltr'><strong>patebit.</strong></span> <span class='ocrx_word' id='word_1_163' title='bbox 639 2185 676 2246; x_wconf 95' lang='lat' dir='ltr'><strong>ln</strong></span> <span class='ocrx_word' id='word_1_164' title='bbox 698 2184 757 2245; x_wconf 87' lang='lat' dir='ltr'><strong>illa</strong></span> <span class='ocrx_word' id='word_1_165' title='bbox 777 2182 904 2266; x_wconf 83' lang='lat' dir='ltr'><strong>capella</strong></span> <span class='ocrx_word' id='word_1_166' title='bbox 935 2189 1014 2246; x_wconf 89' lang='lat' dir='ltr'><strong>sunt</strong></span> <span class='ocrx_word' id='word_1_167' title='bbox 1035 2180 1150 2244; x_wconf 74' lang='lat' dir='ltr'><strong>altaria</strong></span> <span class='ocrx_word' id='word_1_168' title='bbox 1170 2179 1287 2260; x_wconf 86' lang='lat' dir='ltr'><strong>diruta,</strong></span> 
     </span>
    </p>
   </div>
   <div class='ocr_carea' id='block_1_8' title="bbox 1 2286 1359 2984">
    <p class='ocr_par' dir='ltr' id='par_1_8' title="bbox 1 2286 1359 2984">
     <span class='ocr_line' id='line_1_22' title="bbox 1 2286 1288 2372; baseline -0.003 -22"><span class='ocrx_word' id='word_1_169' title='bbox 1 2309 2 2318; x_wconf 53' lang='lat'>¹</span> <span class='ocrx_word' id='word_1_170' title='bbox 114 2298 153 2350; x_wconf 91' lang='lat' dir='ltr'><strong>et</strong></span> <span class='ocrx_word' id='word_1_171' title='bbox 171 2288 354 2352; x_wconf 70' lang='lat' dir='ltr'><strong>toetudines</strong></span> <span class='ocrx_word' id='word_1_172' title='bbox 373 2289 540 2372; x_wconf 87' lang='lat' dir='ltr'><strong>ruinosae,</strong></span> <span class='ocrx_word' id='word_1_173' title='bbox 575 2297 607 2351; x_wconf 92' lang='lat' dir='ltr'><strong>et</strong></span> <span class='ocrx_word' id='word_1_174' title='bbox 629 2291 663 2350; x_wconf 91' lang='lat' dir='ltr'><strong>ln</strong></span> <span class='ocrx_word' id='word_1_175' title='bbox 683 2288 864 2371; x_wconf 86' lang='lat' dir='ltr'><strong>parietibus</strong></span> <span class='ocrx_word' id='word_1_176' title='bbox 883 2288 1037 2369; x_wconf 82' lang='lat' dir='ltr'><strong>antiquas</strong></span> <span class='ocrx_word' id='word_1_177' title='bbox 1069 2286 1232 2368; x_wconf 86' lang='lat' dir='ltr'><strong>picturae,</strong></span> <span class='ocrx_word' id='word_1_178' title='bbox 1253 2291 1288 2348; x_wconf 89' lang='lat' dir='ltr'><strong>et</strong></span> 
     </span>
     <span class='ocr_line' id='line_1_23' title="bbox 115 2392 1288 2477; baseline -0.003 -21"><span class='ocrx_word' id='word_1_179' title='bbox 115 2402 269 2456; x_wconf 76' lang='lat' dir='ltr'><strong>mereunt</strong></span> <span class='ocrx_word' id='word_1_180' title='bbox 287 2400 354 2457; x_wconf 88' lang='lat' dir='ltr'><strong>tam</strong></span> <span class='ocrx_word' id='word_1_181' title='bbox 375 2396 525 2476; x_wconf 86' lang='lat' dir='ltr'><strong>superius</strong></span> <span class='ocrx_word' id='word_1_182' title='bbox 543 2411 640 2477; x_wconf 84' lang='lat' dir='ltr'><strong>quarn</strong></span> <span class='ocrx_word' id='word_1_183' title='bbox 656 2392 793 2456; x_wconf 87' lang='lat' dir='ltr'><strong>inferius</strong></span> <span class='ocrx_word' id='word_1_184' title='bbox 815 2394 949 2459; x_wconf 82' lang='lat' dir='ltr'><strong>arbusta</strong></span> <span class='ocrx_word' id='word_1_185' title='bbox 970 2399 1004 2454; x_wconf 89' lang='lat' dir='ltr'><strong>et</strong></span> <span class='ocrx_word' id='word_1_186' title='bbox 1024 2392 1173 2474; x_wconf 64' lang='lat' dir='ltr'><strong>minine</strong></span> <span class='ocrx_word' id='word_1_187' title='bbox 1189 2405 1288 2472; x_wconf 88' lang='lat' dir='ltr'><strong>super</strong></span> 
     </span>
     <span class='ocr_line' id='line_1_24' title="bbox 116 2494 1286 2581; baseline -0.003 -21"><span class='ocrx_word' id='word_1_188' title='bbox 116 2498 311 2567; x_wconf 85' lang='lat' dir='ltr'><strong>testudines.</strong></span> <span class='ocrx_word' id='word_1_189' title='bbox 345 2494 510 2575; x_wconf 79' lang='lat' dir='ltr'><strong>Quaedam</strong></span> <span class='ocrx_word' id='word_1_190' title='bbox 533 2507 641 2562; x_wconf 86' lang='lat' dir='ltr'><strong>autern</strong></span> <span class='ocrx_word' id='word_1_191' title='bbox 661 2515 763 2581; x_wconf 77' lang='lat' dir='ltr'><strong>gram</strong></span> <span class='ocrx_word' id='word_1_192' title='bbox 784 2497 893 2565; x_wconf 83' lang='lat' dir='ltr'><strong>blarei</strong></span> <span class='ocrx_word' id='word_1_193' title='bbox 918 2496 1038 2560; x_wconf 89' lang='lat' dir='ltr'><strong>coloris</strong></span> <span class='ocrx_word' id='word_1_194' title='bbox 1058 2497 1103 2561; x_wconf 88' lang='lat' dir='ltr'><strong>ibi</strong></span> <span class='ocrx_word' id='word_1_195' title='bbox 1123 2502 1286 2571; x_wconf 86' lang='lat' dir='ltr'><strong>crescunt,</strong></span> 
     </span>
     <span class='ocr_line' id='line_1_25' title="bbox 117 2598 1359 2687; baseline -0.006 -21"><span class='ocrx_word' id='word_1_196' title='bbox 117 2603 205 2666; x_wconf 80' lang='lat' dir='ltr'><strong>sicm</strong></span> <span class='ocrx_word' id='word_1_197' title='bbox 224 2602 336 2684; x_wconf 81' lang='lat' dir='ltr'><strong>fabae,</strong></span> <span class='ocrx_word' id='word_1_198' title='bbox 364 2621 449 2685; x_wconf 89' lang='lat' dir='ltr'><strong>quae</strong></span> <span class='ocrx_word' id='word_1_199' title='bbox 469 2601 598 2684; x_wconf 87' lang='lat' dir='ltr'><strong>nullibi,</strong></span> <span class='ocrx_word' id='word_1_200' title='bbox 619 2601 684 2666; x_wconf 90' lang='lat' dir='ltr'><strong>nisi</strong></span> <span class='ocrx_word' id='word_1_201' title='bbox 715 2603 778 2685; x_wconf 88' lang='lat' dir='ltr'><strong>ibi,</strong></span> <span class='ocrx_word' id='word_1_202' title='bbox 799 2605 1011 2687; x_wconf 87' lang='lat' dir='ltr'><strong>reperiuntur.</strong></span> <span class='ocrx_word' id='word_1_203' title='bbox 1054 2600 1140 2664; x_wconf 86' lang='lat' dir='ltr'><strong>Olim</strong></span> <span class='ocrx_word' id='word_1_204' title='bbox 1160 2601 1222 2664; x_wconf 83' lang='lat' dir='ltr'><strong>luit</strong></span> <span class='ocrx_word' id='word_1_205' title='bbox 1244 2598 1288 2662; x_wconf 90' lang='lat' dir='ltr'><strong>ihi</strong></span> <span class='ocrx_word' id='word_1_206' title='bbox 1351 2675 1359 2680; x_wconf 41' lang='grc'>-</span> 
     </span>
     <span class='ocr_line' id='line_1_26' title="bbox 118 2700 1289 2790; baseline -0.002 -23"><span class='ocrx_word' id='word_1_207' title='bbox 118 2705 254 2788; x_wconf 84' lang='lat' dir='ltr'><strong>pulchra</strong></span> <span class='ocrx_word' id='word_1_208' title='bbox 272 2715 305 2769; x_wconf 83' lang='lat' dir='ltr'><strong>et</strong></span> <span class='ocrx_word' id='word_1_209' title='bbox 324 2709 469 2790; x_wconf 82' lang='lat' dir='ltr'><strong>gratiosa</strong></span> <span class='ocrx_word' id='word_1_210' title='bbox 489 2707 648 2789; x_wconf 85' lang='lat' dir='ltr'><strong>ecclesia,</strong></span> <span class='ocrx_word' id='word_1_211' title='bbox 683 2715 716 2768; x_wconf 89' lang='lat' dir='ltr'><strong>ot</strong></span> <span class='ocrx_word' id='word_1_212' title='bbox 739 2706 925 2770; x_wconf 87' lang='lat' dir='ltr'><strong>habitabant</strong></span> <span class='ocrx_word' id='word_1_213' title='bbox 944 2706 1041 2787; x_wconf 83' lang='lat' dir='ltr'><strong>juxta</strong></span> <span class='ocrx_word' id='word_1_214' title='bbox 1063 2723 1135 2768; x_wconf 86' lang='lat' dir='ltr'><strong>eam</strong></span> <span class='ocrx_word' id='word_1_215' title='bbox 1156 2705 1190 2767; x_wconf 89' lang='lat' dir='ltr'><strong>in</strong></span> <span class='ocrx_word' id='word_1_216' title='bbox 1218 2700 1289 2766; x_wconf 90' lang='lat' dir='ltr'><strong>oel-</strong></span> 
     </span>
     <span class='ocr_line' id='line_1_27' title="bbox 118 2807 1289 2897; baseline -0.003 -24"><span class='ocrx_word' id='word_1_217' title='bbox 118 2811 197 2874; x_wconf 80' lang='lat' dir='ltr'><strong>lclis</strong></span> <span class='ocrx_word' id='word_1_218' title='bbox 215 2811 374 2893; x_wconf 87' lang='lat' dir='ltr'><strong>monachi,</strong></span> <span class='ocrx_word' id='word_1_219' title='bbox 396 2811 456 2875; x_wconf 87' lang='lat' dir='ltr'><strong>sed</strong></span> <span class='ocrx_word' id='word_1_220' title='bbox 472 2811 551 2897; x_wconf 88' lang='lat' dir='ltr'><strong>jam,</strong></span> <span class='ocrx_word' id='word_1_221' title='bbox 573 2813 656 2876; x_wconf 86' lang='lat' dir='ltr'><strong>hant</strong></span> <span class='ocrx_word' id='word_1_222' title='bbox 677 2810 767 2876; x_wconf 86' lang='lat' dir='ltr'><strong>iacta</strong></span> <span class='ocrx_word' id='word_1_223' title='bbox 787 2818 839 2874; x_wconf 85' lang='lat' dir='ltr'><strong>est</strong></span> <span class='ocrx_word' id='word_1_224' title='bbox 858 2809 1016 2878; x_wconf 83' lang='lat' dir='ltr'><strong>habitatio</strong></span> <span class='ocrx_word' id='word_1_225' title='bbox 1041 2807 1173 2873; x_wconf 84' lang='lat' dir='ltr'><strong>deserta</strong></span> <span class='ocrx_word' id='word_1_226' title='bbox 1193 2807 1289 2869; x_wconf 88' lang='lat' dir='ltr'><strong>unius</strong></span> 
     </span>
     <span class='ocr_line' id='line_1_28' title="bbox 119 2913 491 2984; baseline 0.005 -6"><span class='ocrx_word' id='word_1_227' title='bbox 119 2916 292 2980; x_wconf 76' lang='lat' dir='ltr'><strong>miserrimi</strong></span> <span class='ocrx_word' id='word_1_228' title='bbox 306 2913 491 2984; x_wconf 66' lang='lat' dir='ltr'><strong>§uncant</strong></span> 
     </span>
    </p>
   </div>
   <div class='ocr_carea' id='block_1_9' title="bbox 1 3161 1287 3267">
    <p class='ocr_par' dir='ltr' id='par_1_9' title="bbox 1 3161 1287 3267">
     <span class='ocr_line' id='line_1_29' title="bbox 1 3161 1287 3267; baseline -0.002 -31"><span class='ocrx_word' id='word_1_229' title='bbox 1 3169 3 3208; x_wconf 61' lang='lat' dir='ltr'><strong>l</strong></span> <span class='ocrx_word' id='word_1_230' title='bbox 122 3161 183 3237; x_wconf 86' lang='lat' dir='ltr'><strong>De</strong></span> <span class='ocrx_word' id='word_1_231' title='bbox 208 3162 304 3255; x_wconf 90' lang='lat' dir='ltr'><strong>loco,</strong></span> <span class='ocrx_word' id='word_1_232' title='bbox 329 3163 366 3238; x_wconf 92' lang='lat' dir='ltr'><strong>in</strong></span> <span class='ocrx_word' id='word_1_233' title='bbox 391 3187 462 3267; x_wconf 90' lang='lat' dir='ltr'><strong>quo</strong></span> <span class='ocrx_word' id='word_1_234' title='bbox 486 3165 678 3242; x_wconf 86' lang='lat' dir='ltr'><strong>Johannes</strong></span> <span class='ocrx_word' id='word_1_235' title='bbox 710 3163 778 3240; x_wconf 87' lang='lat' dir='ltr'><strong>luit</strong></span> <span class='ocrx_word' id='word_1_236' title='bbox 802 3162 968 3240; x_wconf 78' lang='lat' dir='ltr'><strong>naiasin</strong></span> <span class='ocrx_word' id='word_1_237' title='bbox 991 3162 1087 3239; x_wconf 89' lang='lat' dir='ltr'><strong>hunc</strong></span> <span class='ocrx_word' id='word_1_238' title='bbox 1110 3161 1287 3238; x_wconf 86' lang='lat' dir='ltr'><strong>nundum.</strong></span> 
     </span>
    </p>
   </div>
   <div class='ocr_carea' id='block_1_10' title="bbox 121 3338 1338 4374">
    <p class='ocr_par' dir='ltr' id='par_1_10' title="bbox 121 3338 1338 4374">
     <span class='ocr_line' id='line_1_30' title="bbox 205 3338 1289 3430; baseline -0.002 -22"><span class='ocrx_word' id='word_1_239' title='bbox 205 3343 260 3408; x_wconf 78' lang='lat' dir='ltr'><strong>Ab</strong></span> <span class='ocrx_word' id='word_1_240' title='bbox 280 3345 344 3410; x_wconf 94' lang='lat' dir='ltr'><strong>hoc</strong></span> <span class='ocrx_word' id='word_1_241' title='bbox 370 3345 442 3410; x_wconf 85' lang='lat' dir='ltr'><strong>loco</strong></span> <span class='ocrx_word' id='word_1_242' title='bbox 472 3353 710 3430; x_wconf 85' lang='lat' dir='ltr'><strong>consequenter</strong></span> <span class='ocrx_word' id='word_1_243' title='bbox 737 3347 966 3412; x_wconf 81' lang='lat' dir='ltr'><strong>descendimus</strong></span> <span class='ocrx_word' id='word_1_244' title='bbox 1002 3355 1035 3408; x_wconf 91' lang='lat' dir='ltr'><strong>et</strong></span> <span class='ocrx_word' id='word_1_245' title='bbox 1068 3352 1225 3408; x_wconf 81' lang='lat' dir='ltr'><strong>exeuntes</strong></span> <span class='ocrx_word' id='word_1_246' title='bbox 1248 3338 1289 3406; x_wconf 87' lang='lat' dir='ltr'><strong>ad</strong></span> 
     </span>
     <span class='ocr_line' id='line_1_31' title="bbox 122 3448 1291 3535; baseline -0.003 -21"><span class='ocrx_word' id='word_1_247' title='bbox 122 3449 247 3514; x_wconf 63' lang='lat' dir='ltr'><strong>ionum</strong></span> <span class='ocrx_word' id='word_1_248' title='bbox 268 3449 468 3531; x_wconf 86' lang='lat' dir='ltr'><strong>praedictum</strong></span> <span class='ocrx_word' id='word_1_249' title='bbox 489 3451 633 3534; x_wconf 78' lang='lat' dir='ltr'><strong>regressi</strong></span> <span class='ocrx_word' id='word_1_250' title='bbox 653 3469 785 3535; x_wconf 84' lang='lat' dir='ltr'><strong>snmus,</strong></span> <span class='ocrx_word' id='word_1_251' title='bbox 806 3459 841 3516; x_wconf 89' lang='lat' dir='ltr'><strong>et</strong></span> <span class='ocrx_word' id='word_1_252' title='bbox 866 3449 907 3512; x_wconf 87' lang='lat' dir='ltr'><strong>de</strong></span> <span class='ocrx_word' id='word_1_253' title='bbox 929 3449 1073 3513; x_wconf 82' lang='lat' dir='ltr'><strong>iontein</strong></span> <span class='ocrx_word' id='word_1_254' title='bbox 1095 3448 1211 3512; x_wconf 89' lang='lat' dir='ltr'><strong>coliem</strong></span> <span class='ocrx_word' id='word_1_255' title='bbox 1233 3467 1291 3530; x_wconf 86' lang='lat' dir='ltr'><strong>por</strong></span> 
     </span>
     <span class='ocr_line' id='line_1_32' title="bbox 121 3548 1334 3638; baseline 0.001 -22"><span class='ocrx_word' id='word_1_256' title='bbox 121 3554 244 3620; x_wconf 84' lang='lat' dir='ltr'><strong>clivam</strong></span> <span class='ocrx_word' id='word_1_257' title='bbox 266 3555 487 3638; x_wconf 80' lang='lat' dir='ltr'><strong>ascendimus,</strong></span> <span class='ocrx_word' id='word_1_258' title='bbox 509 3562 639 3620; x_wconf 86' lang='lat' dir='ltr'><strong>etcum</strong></span> <span class='ocrx_word' id='word_1_259' title='bbox 659 3558 693 3620; x_wconf 91' lang='lat' dir='ltr'><strong>in</strong></span> <span class='ocrx_word' id='word_1_260' title='bbox 713 3556 842 3622; x_wconf 84' lang='lat' dir='ltr'><strong>sublimi</strong></span> <span class='ocrx_word' id='word_1_261' title='bbox 865 3571 1031 3636; x_wconf 86' lang='lat' dir='ltr'><strong>essemus,</strong></span> <span class='ocrx_word' id='word_1_262' title='bbox 1052 3548 1093 3616; x_wconf 87' lang='lat' dir='ltr'><strong>ad</strong></span> <span class='ocrx_word' id='word_1_263' title='bbox 1115 3553 1289 3617; x_wconf 87' lang='lat' dir='ltr'><strong>ecclesiam</strong></span> <span class='ocrx_word' id='word_1_264' title='bbox 1330 3579 1334 3586; x_wconf 91' lang='lat'>·</span> 
     </span>
     <span class='ocr_line' id='line_1_33' title="bbox 121 3656 1291 3744; baseline -0.002 -22"><span class='ocrx_word' id='word_1_265' title='bbox 121 3677 222 3726; x_wconf 85' lang='lat' dir='ltr'><strong>unam</strong></span> <span class='ocrx_word' id='word_1_266' title='bbox 243 3677 394 3743; x_wconf 82' lang='lat' dir='ltr'><strong>maguam</strong></span> <span class='ocrx_word' id='word_1_267' title='bbox 415 3658 584 3742; x_wconf 85' lang='lat' dir='ltr'><strong>venimus,</strong></span> <span class='ocrx_word' id='word_1_268' title='bbox 606 3662 696 3724; x_wconf 86' lang='lat' dir='ltr'><strong>etin</strong></span> <span class='ocrx_word' id='word_1_269' title='bbox 718 3679 758 3724; x_wconf 88' lang='lat' dir='ltr'><strong>ea</strong></span> <span class='ocrx_word' id='word_1_270' title='bbox 785 3662 942 3744; x_wconf 62' lang='grc' dir='ltr'><strong>Ιηιιιιιιιιιι</strong></span> <span class='ocrx_word' id='word_1_271' title='bbox 972 3667 1009 3722; x_wconf 89' lang='lat' dir='ltr'><strong>nt</strong></span> <span class='ocrx_word' id='word_1_272' title='bbox 1028 3667 1182 3742; x_wconf 81' lang='lat' dir='ltr'><strong>quantum</strong></span> <span class='ocrx_word' id='word_1_273' title='bbox 1207 3656 1291 3722; x_wconf 83' lang='lat' dir='ltr'><strong>laxis</strong></span> 
     </span>
     <span class='ocr_line' id='line_1_34' title="bbox 123 3763 1323 3830; baseline 0 -4"><span class='ocrx_word' id='word_1_274' title='bbox 123 3763 199 3830; x_wconf 85' lang='lat' dir='ltr'><strong>altis</strong></span> <span class='ocrx_word' id='word_1_275' title='bbox 231 3765 370 3828; x_wconf 86' lang='lat' dir='ltr'><strong>vocibus</strong></span> <span class='ocrx_word' id='word_1_276' title='bbox 397 3767 608 3829; x_wconf 82' lang='lat' dir='ltr'><strong>cantavimus.</strong></span> <span class='ocrx_word' id='word_1_277' title='bbox 652 3765 714 3830; x_wconf 78' lang='lat' dir='ltr'><strong>hist</strong></span> <span class='ocrx_word' id='word_1_278' title='bbox 735 3767 818 3828; x_wconf 92' lang='lat' dir='ltr'><strong>enlm</strong></span> <span class='ocrx_word' id='word_1_279' title='bbox 854 3765 997 3829; x_wconf 87' lang='lat' dir='ltr'><strong>ecclesia</strong></span> <span class='ocrx_word' id='word_1_280' title='bbox 1026 3765 1082 3828; x_wconf 88' lang='lat' dir='ltr'><strong>illa</strong></span> <span class='ocrx_word' id='word_1_281' title='bbox 1103 3766 1138 3826; x_wconf 90' lang='lat' dir='ltr'><strong>ln</strong></span> <span class='ocrx_word' id='word_1_282' title='bbox 1159 3781 1198 3827; x_wconf 89' lang='lat' dir='ltr'><strong>eo</strong></span> <span class='ocrx_word' id='word_1_283' title='bbox 1220 3764 1292 3828; x_wconf 90' lang='lat' dir='ltr'><strong>loco</strong></span> <span class='ocrx_word' id='word_1_284' title='bbox 1321 3773 1323 3778; x_wconf 84' lang='lat'>&#39;</span> 
     </span>
     <span class='ocr_line' id='line_1_35' title="bbox 123 3851 1291 3953; baseline -0.002 -21"><span class='ocrx_word' id='word_1_285' title='bbox 123 3870 301 3952; x_wconf 85' lang='lat' dir='ltr'><strong>instructa,</strong></span> <span class='ocrx_word' id='word_1_286' title='bbox 333 3870 367 3932; x_wconf 89' lang='lat' dir='ltr'><strong>in</strong></span> <span class='ocrx_word' id='word_1_287' title='bbox 388 3887 452 3953; x_wconf 83' lang='lat' dir='ltr'><strong>quo</strong></span> <span class='ocrx_word' id='word_1_288' title='bbox 481 3851 580 3933; x_wconf 84' lang='lat' dir='ltr'><strong>natus</strong></span> <span class='ocrx_word' id='word_1_289' title='bbox 601 3877 653 3933; x_wconf 88' lang='lat' dir='ltr'><strong>est</strong></span> <span class='ocrx_word' id='word_1_290' title='bbox 673 3869 842 3934; x_wconf 82' lang='lat' dir='ltr'><strong>Johannes</strong></span> <span class='ocrx_word' id='word_1_291' title='bbox 863 3871 900 3932; x_wconf 83' lang='lat' dir='ltr'><strong>B.</strong></span> <span class='ocrx_word' id='word_1_292' title='bbox 930 3887 1122 3953; x_wconf 82' lang='lat' dir='ltr'><strong>praecursor</strong></span> <span class='ocrx_word' id='word_1_293' title='bbox 1153 3869 1291 3933; x_wconf 89' lang='lat' dir='ltr'><strong>Domini.</strong></span> 
     </span>
     <span class='ocr_line' id='line_1_36' title="bbox 122 3971 1293 4058; baseline 0.003 -23"><span class='ocrx_word' id='word_1_294' title='bbox 122 3971 223 4038; x_wconf 84' lang='lat' dir='ltr'><strong>Porro</strong></span> <span class='ocrx_word' id='word_1_295' title='bbox 243 3975 394 4057; x_wconf 86' lang='lat' dir='ltr'><strong>proprius</strong></span> <span class='ocrx_word' id='word_1_296' title='bbox 414 3971 522 4055; x_wconf 75' lang='lat' dir='ltr'><strong>(m</strong></span> <span class='ocrx_word' id='word_1_297' title='bbox 530 3975 585 4057; x_wconf 80' lang='grc' dir='ltr'><strong>Δ)</strong></span> <span class='ocrx_word' id='word_1_298' title='bbox 606 3975 698 4040; x_wconf 85' lang='lat' dir='ltr'><strong>locus</strong></span> <span class='ocrx_word' id='word_1_299' title='bbox 720 3975 900 4041; x_wconf 75' lang='lat' dir='ltr'><strong>rationalis</strong></span> <span class='ocrx_word' id='word_1_300' title='bbox 928 3975 1151 4058; x_wconf 78' lang='lat' dir='ltr'><strong>praecursoris</strong></span> <span class='ocrx_word' id='word_1_301' title='bbox 1179 3971 1293 4038; x_wconf 84' lang='lat' dir='ltr'><strong>estad</strong></span> 
     </span>
     <span class='ocr_line' id='line_1_37' title="bbox 123 4078 1338 4164; baseline -0.003 -20"><span class='ocrx_word' id='word_1_302' title='bbox 123 4078 288 4144; x_wconf 70' lang='grc' dir='ltr'><strong>εἰιὶιιιιιιι</strong></span> <span class='ocrx_word' id='word_1_303' title='bbox 311 4079 490 4163; x_wconf 85' lang='lat' dir='ltr'><strong>partemin</strong></span> <span class='ocrx_word' id='word_1_304' title='bbox 509 4079 599 4143; x_wconf 89' lang='lat' dir='ltr'><strong>chori</strong></span> <span class='ocrx_word' id='word_1_305' title='bbox 619 4079 755 4164; x_wconf 87' lang='lat' dir='ltr'><strong>capella,</strong></span> <span class='ocrx_word' id='word_1_306' title='bbox 777 4079 872 4162; x_wconf 85' lang='lat' dir='ltr'><strong>cujus</strong></span> <span class='ocrx_word' id='word_1_307' title='bbox 892 4081 1019 4143; x_wconf 83' lang='lat' dir='ltr'><strong>ostium·</strong></span> <span class='ocrx_word' id='word_1_308' title='bbox 1032 4089 1163 4163; x_wconf 89' lang='lat' dir='ltr'><strong>propter</strong></span> <span class='ocrx_word' id='word_1_309' title='bbox 1184 4095 1294 4141; x_wconf 88' lang='lat' dir='ltr'><strong>muro·</strong></span> <span class='ocrx_word' id='word_1_310' title='bbox 1337 4131 1338 4134; x_wconf 65' lang='grc'>,</span> 
     </span>
     <span class='ocr_line' id='line_1_38' title="bbox 125 4182 1294 4268; baseline -0.003 -22"><span class='ocrx_word' id='word_1_311' title='bbox 125 4201 192 4248; x_wconf 87' lang='lat' dir='ltr'><strong>ram</strong></span> <span class='ocrx_word' id='word_1_312' title='bbox 214 4185 326 4248; x_wconf 85' lang='lat' dir='ltr'><strong>minas</strong></span> <span class='ocrx_word' id='word_1_313' title='bbox 347 4193 400 4247; x_wconf 87' lang='lat' dir='ltr'><strong>est</strong></span> <span class='ocrx_word' id='word_1_314' title='bbox 426 4184 616 4250; x_wconf 86' lang='lat' dir='ltr'><strong>obturatum.</strong></span> <span class='ocrx_word' id='word_1_315' title='bbox 658 4185 724 4249; x_wconf 86' lang='lat' dir='ltr'><strong>Per</strong></span> <span class='ocrx_word' id='word_1_316' title='bbox 744 4203 867 4248; x_wconf 88' lang='lat' dir='ltr'><strong>murum</strong></span> <span class='ocrx_word' id='word_1_317' title='bbox 895 4201 975 4268; x_wconf 73' lang='lat' dir='ltr'><strong>ergo</strong></span> <span class='ocrx_word' id='word_1_318' title='bbox 1007 4182 1230 4264; x_wconf 84' lang='lat' dir='ltr'><strong>ascendimus,</strong></span> <span class='ocrx_word' id='word_1_319' title='bbox 1259 4189 1294 4242; x_wconf 85' lang='lat' dir='ltr'><strong>ct</strong></span> 
     </span>
     <span class='ocr_line' id='line_1_39' title="bbox 125 4285 1291 4374; baseline -0.004 -23"><span class='ocrx_word' id='word_1_320' title='bbox 125 4305 208 4354; x_wconf 86' lang='lat' dir='ltr'><strong>nnus</strong></span> <span class='ocrx_word' id='word_1_321' title='bbox 240 4288 435 4374; x_wconf 75' lang='lat' dir='ltr'><strong>peregrinus</strong></span> <span class='ocrx_word' id='word_1_322' title='bbox 464 4305 505 4356; x_wconf 89' lang='lat' dir='ltr'><strong>sa</strong></span> <span class='ocrx_word' id='word_1_323' title='bbox 532 4289 626 4356; x_wconf 82' lang='lat' dir='ltr'><strong>alteri</strong></span> <span class='ocrx_word' id='word_1_324' title='bbox 656 4289 813 4374; x_wconf 86' lang='lat' dir='ltr'><strong>subjecit,</strong></span> <span class='ocrx_word' id='word_1_325' title='bbox 844 4297 880 4354; x_wconf 90' lang='lat' dir='ltr'><strong>nt</strong></span> <span class='ocrx_word' id='word_1_326' title='bbox 910 4306 970 4371; x_wconf 87' lang='lat' dir='ltr'><strong>per</strong></span> <span class='ocrx_word' id='word_1_327' title='bbox 1006 4305 1080 4350; x_wconf 81' lang='lat' dir='ltr'><strong>enm</strong></span> <span class='ocrx_word' id='word_1_328' title='bbox 1118 4285 1291 4349; x_wconf 87' lang='lat' dir='ltr'><strong>scanderet</strong></span> 
     </span>
    </p>
   </div>
   <div class='ocr_carea' id='block_1_11' title="bbox 621 4597 636 4638">
    <p class='ocr_par' dir='ltr' id='par_1_11' title="bbox 621 4597 636 4638">
     <span class='ocr_line' id='line_1_40' title="bbox 621 4597 636 4638; baseline 0 -25"><span class='ocrx_word' id='word_1_329' title='bbox 621 4597 636 4638; x_wconf 79' lang='lat'><strong>,</strong></span> 
     </span>
    </p>
   </div>
   <div class='ocr_carea' id='block_1_12' title="bbox 0 0 1589 5206">
    <p class='ocr_par' dir='ltr' id='par_1_12' title="bbox 0 0 1589 5206">
     <span class='ocr_line' id='line_1_41' title="bbox 0 0 1589 5206; baseline 0 0"><span class='ocrx_word' id='word_1_330' title='bbox 0 0 1589 5206; x_wconf 95' lang='lat' dir='ltr'><strong> </strong></span> 
     </span>
    </p>
   </div>
  </div>
 </body>
</html>
