3232 5218
726 281 788 379 ¹0⁹,

161 468 217 551 qui
248 463 379 550 dieunt,
416 481 487 529 eam
520 445 664 548 reginam
693 465 839 549 Aegypti
870 475 904 528 et
935 465 1077 549 Arabiae
1110 466 1229 550 inisse,
1261 471 1337 552 quie
1395 515 1398 521 -
1513 481 1516 487 ·

160 571 388 640 dedolentibus
411 569 635 655 Phtraonibus
661 572 796 652 regibus
825 570 969 654 Aegypti
1000 581 1231 636 successerunt
1241 573 1337 636 (lau-

160 676 273 756 deses,
293 684 328 740 ut
355 676 454 740 habet
474 675 654 762 lioooapiris
677 673 718 736 de
738 673 836 737 oleris
857 675 1044 739 mulieribus
1064 675 1144 758 Cap.
1167 677 1228 738 tt
1258 678 1338 764 Erat

160 791 271 845 autem
293 782 405 864 regies
426 780 483 844 ilia
506 780 651 842 foemina
671 777 817 860 devota,
845 788 878 842 et
909 779 997 842 misit
1027 775 1123 843 suur'n
1155 782 1337 845 eunuchum

160 887 357 968 aethiopem,
377 884 544 948 custodem
566 873 707 946 omnium
728 884 952 948 thesaurorum
972 902 1115 968 suornm,
1135 903 1212 947 oum
1227 885 1336 948 multis

162 990 351 1054 muneribus
373 996 408 1051 et
428 989 575 1053 donariis.
593 987 634 1051 ad
656 987 811 1069 templum
832 990 868 1082 in¹
887 987 1089 1072 Jerusalem,
1107 985 1154 1052 'ut
1182 990 1227 1053 ibi
1253 989 1337 1052 ado·

163 1103 251 1159 met
272 1091 321 1157 'et
336 1093 430 1156 'dona
449 1091 589 1156 offerret.
630 1088 703 1168 Quo
735 1092 825 1154 laeto
846 1093 879 1154 in
912 1111 1041 1157 eurrum
1072 1094 1260 1176 deseendit,
1298 1103 1335 1157 ut

163 1199 359 1283 ad‘propria
378 1206 546 1279 remearet,
569 1205 601 1258 et
621 1201 690 1257 tam
711 1192 910 1264 sedulus‘ad
932 1197 1044 1261 divina
1066 1199 1145 1280 init,
1176 1206 1214 1261 ut
1239 1183 1336 1262 etiarn

164 1303 288 1367 sedens
319 1304 353 1364 in
384 1319 479 1364 eurru
515 1300 701 1383 prophetias
741 1300 875 1382 legeret.
927 1300 1031 1380 Quem
1068 1303 1165 1386 jussu
1195 1303 1335 1388 Spiritus

163 1410 199 1474 S.
222 1408 365 1471 aeoessit
385 1405 554 1488 Philippus
576 1422 714 1487 eumque
734 1406 888 1468 instruxit
919 1415 953 1469 et
981 1407 1014 1469 iu
1043 1406 1115 1471 loeo
1138 1410 1202 1472 hoe
1229 1413 1335 1493 bapti-

163 1512 267 1583 zavit.
309 1514 347 1575 ln
365 1511 428 1574 boo
449 1517 528 1591 er'go
550 1509 621 1572 looo
642 1527 730 1592 genu
749 1509 916 1592 fleximus,
949 1517 983 1571 et
1009 1513 1207 1577 orationibus
1240 1514 1336 1579 dietis

163 1618 384 1702 indulgentias
396 1613 650 1696 reoepimus(†).
673 1612 799 1676 Deinde
811 1614 852 1677 ad
865 1613 989 1677 iontem·
997 1615 1141 1680 sedimus
1152 1628 1241 1702 etos,
1252 1638 1336 1702 quae

164 1720 207 1784 de
217 1718 409 1782 Bethlehem
433 1719 620 1799 tuleramus,
631 1716 673 1779 do
687 1718 830 1782 saeculis
846 1719 1065 1804 produximus,
1088 1710 1122 1784 ei
1137 1723 1336 1789 comedimus

164 1828 270 1907 panes
293 1829 328 1885 et
349 1824 490 1886 bibimus
512 1841 640 1906 aquam,
662 1840 748 1904 quae
770 1822 869 1905 olera,-
890 1823 1018 1908 irigida,
1051 1845 1166 1890 reeens
1192 1825 1225 1890 ei
1255 1845 1337 1892 saue
1360 1877 1362 1880 -

165 1936 245 1990 eret.
289 1928 350 1989 Est
373 1937 479 1990 autem
500 1928 575 1990 lons
596 1925 678 1989 adeo
696 1926 850 2011 celebris,
873 1917 959 2010 quod
980 1947 1084 2012 usque
1113 1931 1154 1994 ad
1183 1950 1255 1994 eum
1283 1917 1349 1996 di-'¹

165 2037 254 2097 uites
276 2041 311 2094 et
331 2033 460 2095 honesti
482 2032 524 2093 de
533 2031 717 2093 Jerusalem
741 2032 886 2120 equitant
906 2051 964 2115 pro
983 2033 1099 2097 solatio
1112 2041 1146 2094 et
1158 2035 1336 2118 refrigerio.
1365 2060 1369 2066 ’

166 2137 226 2201 Sie
248 2155 327 2219 ergo
348 2121 652 2201 nobis'sedentibus
676 2135 773 2217 juxta
802 2135 922 2198 iontem
951 2136 1041 2198 multi
1062 2135 1233 2199 Sarraeeni
1261 2157 1352 2220 per·.

166 2241 473 2324 transieruntque
493 2241 549 2303 via
568 2240 697 2328 publiea
719 2240 762 2302 ibi
782 2236 949 2320 (16η)
972 2239 1141 2302 deseendit
1156 2241 1190 2302 in
1202 2241 1337 2325 Gazam,

166 2348 188 2411 i.
211 2365 240 2407 e.
262 2346 295 2408 in
316 2344 471 2427 Airieam,
494 2354 529 2407 ut
550 2344 630 2407 dioit
650 2342 772 2408 Glossa
792 2353 825 2406 et
845 2345 1004 2427 Magister
1038 2343 1071 2407 in
1092 2343 1189 2427 Speo.
1213 2346 1336 2410 ilistor.
1373 2435 1376 2440 .
1455 2357 1458 2366 ·

167 2451 379 2514 Neo.tamen
419 2447 528 2531 aliqua
557 2448 674 2531 injurie
708 2448 943 2512 aut·molestia
963 2450 1076 2513 nobis
1103 2449 1176 2512 'luit'
1201 2450 1290 2514 illata
1317 2470 1339 2514 a
1387 2447 1404 2461 “’
1531 2475 1533 2482 ·

168 2571 381 2639 quoeunque.
408 2553 494 2640 illis
515 2562 637 2634 autem,
660 2553 715 2635 qui
732 2553 827 2635 jnxta
849 2553 970 2616 iontem
991 2555 1205 2632 substiterunt
1232 2564 1266 2618 et
1285 2557 1339 2620 bi-

167 2661 294 2739 berunt,
315 2657 461 2721 dedimus
472 2656 513 2719 de
533 2659 656 2719 nostris
666 2659 815 2740 panibus,
833 2668 866 2720 et
877 2657 1031 2721 sederunt
1052 2661 1219 2723 nobiseum
1241 2677 1338 2742 quam

169 2763 279 2847 plures
291 2762 472 2826 Sarraoenl.
517 2760 662 2824 Tandem
684 2764 774 2825 venit
794 2761 925 2845 quidam
947 2779 1019 2824 oum
1042 2771 1152 2846 sporta
1171 2761 1339 2845 pleuaop·

124 2928 127 2935 ,
170 2870 259 2931 timis
279 2872 313 2928 et
335 2863 532 2928 dulcissimis
554 2865 665 2946 botris,
688 2874 719 2927 et
739 2883 807 2928 nos
827 2868 856 2927 ei
868 2866 1071 2929 exhibuimus
1082 2882 1200 2928 saeuos
1210 2874 1338 2952 nostros

76 3035 78 3042 ,
126 2965 133 2972 ’
169 2989 243 3035 eum
272 2972 427 3053 panibus,
458 2988 543 3056 quae
556 2971 770 3032 'eommutati'o
804 2970 863 3056 luit
892 2970 961 3032 sibi'
989 2971 1196 3051 gratissima,
1229 2978 1263 3031 et
1294 2971 1341 3032 ite
1407 2961 1410 2968 ’

170 3073 439 3137 manducavimus
456 3083 490 3134 et
511 3073 649 3135 bibimus
667 3072 776 3134 'simul
808 3075 841 3136 in
872 3069 943 3136 loeo
988 3057 1024 3135 et
1052 3065 1156 3156 usque
1185 3071 1226 3136 ad
1259 3072 1340 3136 solis

172 3179 420 3242 declinationem
449 3176 545 3240 simui
569 3178 613 3239 ibi
640 3181 826 3244 mansimus.
878 3176 929 3238 lle
960 3177 1023 3241 hoo
1052 3177 1122 3242 loeo
1151 3175 1229 3241 dieit
1249 3176 1341 3240 heda
1471 3202 1474 3210 ·

168 3301 271 3367 super
298 3283 404 3346 Aotus
434 3281 681 3364 Apostolorum:
719 3279 879 3345 bethsoro
914 3281 968 3346 vel
999 3282 1161 3345 bethsura
1189 3283 1223 3344 in
1253 3286 1342 3348 terra

172 3388 260 3452 duda
289 3388 440 3450 euntibus
472 3387 512 3447 ab
534 3384 631 3447 Helia
651 3385 796 3467 Hebron,
822 3387 843 3447 i.
866 3385 1139 3453 eademeadem
1168 3387 1201 3449 iu
1222 3386 1341 3467 Ebron,

171 3495 246 3558 XX.
269 3491 386 3575 lapido,
405 3490 499 3572 juxta
520 3491 620 3570 quem'
639 3499 690 3551 est
712 3489 785 3552 fons
806 3488 848 3552 ad
870 3489 997 3553 radioes
1023 3491 1153 3573 montis,
1184 3489 1342 3553 ebulliens

173 3600 214 3662 eb
236 3597 361 3685 eodem,
382 3597 416 3658 in
437 3612 503 3677 quo
525 3593 681 3676 gignitur,
702 3594 894 3657 absorbetur
915 3595 1023 3677 humo,
1044 3597 1079 3655 in
1101 3613 1164 3677 quo
1175 3593 1343 3677 Philippus

171 3703 351 3786 baptizavit
381 3699 572 3762 eunuchum.
623 3696 705 3759 Cum
738 3715 816 3780 ergo
850 3698 934 3759 bene
947 3775 948 3778 Ἴ
962 3698 995 3759 in
1025 3697 1081 3760 illo
1114 3697 1184 3762 loeo
1207 3700 1343 3762 merenti
1380 3765 1384 3772 ,

174 3807 368 3889 eruemus,
398 3804 521 3866 omum
550 3799 788 3883 messuimus,
823 3807 857 3862 ot
889 3801 998 3863 rosim
1028 3785 1344 3866 metanomiam
1409 3826 1413 3833 ·

172 3907 435 3992 properavimus,
459 3908 535 3990 quia
560 3904 782 3988 sperebamus,
814 3902 928 3967 eodem
957 3921 1030 3968 sero
1058 3922 1119 3969 nos
1140 3889 1346 3989 ingressuros¹

174 4011 209 4074 in
229 4011 423 4076 dominicum
445 4010 667 4094 sepulchrum,
689 4009 753 4072 nisi
776 4008 939 4072 animilia
960 4025 1039 4092 spes
1054 4008 1180 4093 inisset,
1199 4013 1232 4074 in
1244 4010 1346 4072 lieth-

177 4113 282 4178 lehem
303 4133 377 4180 eum
400 4117 553 4180 iratribus
574 4135 634 4198 per
653 4113 777 4197 aliquot
797 4112 869 4176 dies
889 4115 1132 4204 mansissemus,
1154 4097 1346 4204 velnoetem
1401 4107 1406 4115 '

176 4219 210 4283 in
232 4220 363 4284 deserto
384 4220 420 4284 S.
442 4219 617 4283 Johanni's·
632 4220 800 4302 Baptistae
823 4219 1028 4288 sedissemus.
1069 4219 1120 4282 De
1142 4236 1206 4301 quo
1226 4217 1346 4280 dietum
1395 4225 1399 4233 '

176 4333 229 4388 est
255 4343 356 4408 supra
377 4323 432 4389 iol
457 4323 519 4389 m
540 4322 594 4405 A,
618 4323 706 4405 quod
733 4322 831 4387 valde
851 4321 989 4386 libenter
1016 4323 1218 4386 ieoiesemns.
1260 4317 1346 4379 Nam
