3132 5206
824 209 863 275 18

272 397 363 460 ooeoi
388 392 585 456 abemtmue.
628 390 657 454 0
686 389 806 456 iniitius
836 411 943 458 rernm
960 393 1142 459 mortalium
1164 398 1287 473 malus,
1314 399 1348 454 el
1367 389 1441 457 eine

224 545 227 553 a
272 497 794 584 te,1leueooue,eatamitoeum
814 515 911 564 omne
933 499 1019 583 quoti
1040 499 1201 563 vivimusl
1239 493 1268 558 0
1295 504 1443 580 tempora

272 613 305 668 et
324 605 451 666 mores!
474 603 634 686 'tempora
655 603 894 668 turbatissimo!
915 605 1077 690 Tempora
1096 602 1306 666 oalornltosttl
1327 598 1441 662 Mores

272 709 413 792 reprobi!
441 708 555 772 Mores
579 703 696 790 perditi
730 717 764 771 et
785 705 864 772 oleri
885 717 922 772 et
940 709 1069 794 populi!
1114 707 1273 791 Tempus,
1301 703 1345 768 tie
1373 718 1440 788 qno

270 812 401 877 tandem
430 810 568 875 dieitur:
602 814 694 876 uenit
721 827 849 876 summa
878 811 949 877 dies
984 821 1020 877 et
1053 811 1261 877 ineluetabilo
1299 817 1439 894 tempus.

270 919 422 1003 Tempus,
453 919 486 980 in
509 931 572 1001 qno
591 916 684 1000 juxta
707 925 873 982 vetustum
909 921 1088 1003 prophetae
1119 915 1307 983 vaticinium
1343 931 1441 978 omne

271 1032 369 1107 eaput
388 1020 588 1106 languidum,
607 1031 641 1086 et
666 1041 762 1086 omne
781 1038 841 1088 oor
864 1039 1022 1106 moerens,
1044 1040 1064 1082 a
1087 1021 1197 1104 plenta
1218 1019 1312 1105 podis
1332 1035 1441 1105 nsque

270 1128 312 1192 ati
332 1128 487 1192 vertieem
509 1144 574 1190 non
595 1128 698 1190 estin
719 1146 759 1191 eo
780 1128 847 1192 ulit
867 1129 1004 1192 seniles.
1047 1125 1185 1210 Propter
1204 1109 1340 1210 peouattt
1358 1137 1439 1208 ergo

269 1242 382 1297 nostre
404 1239 438 1294 et
458 1231 649 1312 iniquitates
681 1243 848 1316 parentum
870 1241 1051 1298 nostrorum
1072 1230 1257 1297 Jerusalem
1295 1239 1329 1294 et
1351 1237 1440 1294 terra

269 1333 326 1402 illa
346 1345 380 1400 et
408 1343 522 1399 saneta
543 1335 616 1398 looa
647 1339 682 1400 in
702 1337 906 1421 opprobrium
936 1347 1082 1403 nostrum
1107 1337 1255 1422 suljeota
1283 1335 1439 1420 gentilos

270 1440 524 1505 dehonestantur
544 1449 578 1504 et
598 1442 829 1508 oenonioantur
849 1461 869 1506 a
889 1444 1034 1528 mnibus,
1056 1451 1193 1527 atque·
1220 1439 1356 1526 perfidis
1368 1439 1439 1522 jem

229 1576 239 1597 ·
270 1541 458 1610 eeeeccc·
471 1545 567 1609 annis
584 1545 806 1632 profanantur,
829 1551 912 1612 etin
940 1549 1138 1612 sanctissimi
1159 1543 1439 1611 nominisChristi

269 1649 412 1714 dedecus
431 1649 609 1714 maledictis
629 1647 892 1717 illitSarraoenis
913 1663 946 1716 et
964 1653 1284 1736 blasphemiemanot
1304 1648 1439 1732 subjee-

270 1764 314 1839 tn,
333 1755 484 1839 negieoie
504 1755 586 1819 adeo
607 1775 629 1818 u
651 1759 772 1821 nostris
794 1767 828 1822 et
847 1739 986 1842 inoulttt,⁴
1004 1759 1169 1842 tantisque
1184 1756 1439 1841 repletohaere·

270 1859 362 1926 siim
382 1866 417 1921 et
445 1859 557 1942 maiis,
585 1870 768 1926 uostromm
797 1863 1001 1928 hauddubie
1023 1862 1128 1948 onlpis
1156 1871 1190 1924 et
1217 1854 1436 1945 negligentiis.

270 1963 344 2028 Nee
364 1963 459 2030 motio
491 1964 665 2049 ingentium
693 1964 812 2034 devoto
833 1970 950 2053 cuique
971 1966 1159 2032 Christiano
1177 1967 1270 2032 hisee
1289 1964 1437 2049 pensatio

272 2071 446 2155 aerumnis,
476 2069 537 2134 sed
567 2080 600 2136 et
633 2073 860 2139 recurrendum
893 2073 1035 2139 assiduis
1067 2072 1108 2136 ad
1134 2072 1239 2136 lleum
1273 2071 1436 2154 preolbue,
1553 2075 1554 2116 l

271 2175 539 2259 clementiamque
547 2175 589 2239 ad
599 2175 705 2241 Deum
725 2178 974 2263 infortitudine,
996 2175 1437 2260 inoeesanterqneorantlum,

270 2289 431 2364 quatenns
463 2280 517 2344 vel
547 2281 691 2364 reliquae
721 2283 804 2364 parti
831 2286 932 2346 sortis
956 2299 1037 2346 suae
1056 2283 1258 2365 misereatur,
1277 2277 1438 2342 illuminet

270 2384 398 2448 vulmm
420 2401 516 2450 suum
538 2403 731 2470 supernos,
764 2395 796 2449 et
817 2389 1008 2450 miserentur
1028 2389 1143 2470 nostri,
1164 2395 1360 2470 gentemque
1376 2401 1438 2448 au·

269 2487 353 2552 ierat
374 2488 531 2572 perfidam
557 2488 758 2554 credentium
779 2491 822 2554 tie
841 2491 979 2577 tinibus,
1013 2501 1048 2557 nt
1079 2493 1142 2556 sibi
1172 2490 1288 2555 landes
1310 2489 1436 2554 detritos

270 2593 499 2679 persolvamus
520 2593 679 2678 alacriter,
706 2595 818 2660 Amen.

353 2697 392 2764 Si
412 2701 465 2764 oui
492 2699 597 2784 piroet
618 2701 730 2784 legere
762 2699 943 2767 inetuosom
972 2703 1150 2768 orationem
1176 2714 1275 2784 super
1304 2697 1436 2766 desole·-¹

268 2804 389 2870 tionem
411 2816 518 2871 terrae
538 2813 673 2871 sanetae
703 2811 738 2869 et
769 2807 911 2872 eivitatis
930 2807 1124 2890 Jerusalem,
1142 2811 1177 2868 et
1199 2801 1436 2868 lamentabilem

270 2907 522 2994 deplorationem
555 2913 715 2975 ecelesiae
746 2911 931 2999 orientalta,
964 2919 997 2974 et
1024 2908 1237 2974 misertliiem
1270 2910 1436 2992 pimtetum

268 3013 431 3078 eeclesiae
461 3014 671 3078 annitentaiis
707 3032 807 3097 super
837 3013 908 3094 eine
936 3013 1055 3076 vitioso
1083 3020 1118 3074 et
1138 3013 1315 3075 miserrimo
1336 3019 1436 3093 statu,

267 3125 301 3177 el
320 3113 449 3178 fidelem
482 3117 735 3180 exhortationem
758 3135 881 3199 regum,
901 3115 1081 3198 principum
1103 3119 1138 3175 ei
1169 3113 1321 3176 nobilium
1342 3117 1437 3179 eooi-

269 3217 463 3300 dentalium,
498 3216 610 3282 videat
629 3219 915 3303 peregrinatorium
936 3215 1058 3281 domini
1077 3216 1255 3282 Bemhardi
1278 3216 1320 3281 tle
1339 3219 1438 3284 Brai-

268 3320 429 3404 tenbaoh‚
452 3319 567 3386 decani
596 3322 757 3386 eeclesiae
777 3323 1059 3407 moguntinensis,
1081 3324 1297 3406 oompositnm
1318 3333 1436 3389 ornate

267 3438 326 3511 per
356 3427 522 3510 egregium
551 3441 666 3490 morae
704 3425 886 3510 theologiae
921 3428 1112 3511 magistram
1136 3427 1313 3493 Martinam
1334 3429 1434 3514 lieth,

267 3527 365 3594 studii
382 3529 671 3616 Heidelbergeneio
685 3532 863 3616 regentem}
878 3530 1019 3597 Ordinis
1030 3529 1315 3618 i’medioatornm3
1334 3543 1367 3598 et
1388 3533 1434 3599 itt

267 3633 430 3700 videbitur
457 3636 546 3700 olore
564 3637 607 3700 tle
628 3637 776 3701 omnious
796 3637 987 3723 mtediotis,
1008 3639 1135 3704 vitiabit
1153 3641 1267 3704 ¹etiam·
1279 3638 1433 3702 brevibus

265 3741 369 3803 verba
388 3741 468 3828 alia,
496 3760 581 3826 quae
597 3758 661 3826 ege
682 3742 791 3806 multis
812 3745 969 3829 expressi,
991 3752 1025 3807 et
1045 3743 1307 3809 oonoordantiam
1326 3743 1432 3825 ipsius

264 3845 508 3929 peregrinatorii
529 3856 562 3909 et
583 3849 645 3910 mei
666 3849 846 3932 evagatortt
867 3848 1030 3932 inveniet,
1048 3849 1175 3932 demto,
1198 3846 1284 3933 quod
1305 3865 1369 3930 ego
1390 3863 1432 3909 ex

265 3949 433 4035 industria,
453 3960 587 4027 ooaotns
609 3954 743 4034 ratione,
765 3951 963 4037 quandoque
979 3951 1195 4037 mutavimus,
1215 3952 1347 4016 dicens:
1369 3951 1433 4014 hoo

265 4052 385 4118 mutum
404 4055 463 4118 tali
480 4053 534 4118 tile
540 4101 551 4138 ‚
571 4055 659 4140 quoti
675 4057 752 4140 ipse
773 4056 837 4119 elia
858 4055 911 4119 die
932 4057 1054 4120 iaotum
1075 4055 1172 4142 tiioit,
1201 4058 1235 4120 in
1256 4071 1320 4140 qno
1342 4053 1431 4118 nulia

263 4159 317 4223 vis
338 4165 394 4224 aut
414 4158 644 4242 diseortiautia,
664 4177 738 4224 oum
755 4161 854 4224 οὲίιω
878 4160 966 4246 apud
987 4161 1212 4247 evangelistes
1232 4163 1296 4227 hoo
1309 4161 1431 4226 laetam

265 4265 371 4330 tuisse
390 4273 518 4332 oonmet
539 4265 662 4351 tegenti
682 4265 871 4350 seripturao.

1548 295 1554 334 i
