3212 5206
302 469 487 536 maerorem
508 465 731 551 mtttndirea,
752 485 891 552 eumque
917 467 950 530 in
970 465 1144 550 snpereiiio
1165 474 1326 530 staremus
1351 471 1385 528 et
1410 479 1475 546 ps-

303 571 372 638 vidi
394 571 435 635 ad
467 571 618 638 inferiora
652 571 750 658 longe
784 575 846 636 snb
878 573 973 638 nobis
1002 573 1256 656 respiceremus,
1283 571 1475 653 inceperunt

304 674 467 740 camelarii
490 695 550 740 uos
571 679 733 761 respicere
760 677 992 761 eum'quadam
1020 677 1141 740 laetitia
1162 684 1195 738 et
1217 674 1330 759 digitis
1352 671 1473 757 aliquid

300 779 527 850 demonstrare
547 791 660 845 contra
681 782 858 867 meridiem,
879 783 938 846 sed
960 801 1022 846 nee
1043 799 1151 844 eorum
1174 782 1269 863 signa
1290 797 1352 842 neo
1372 779 1475 841 verba

303 884 537 968 intelleximus,
560 883 696 949 Cab‘nus
716 897 823 950 antem
847 889 983 952 veniens
999 886 1230 951 demonstravit
1253 886 1345 949 nobis
1364 885 1474 967 regio·

297 1008 377 1054 nent
404 989 559 1073 alonge,
582 990 680 1054 valde
701 994 1012 1076 montuosissimam,
1041 993 1097 1075 qui
1119 1002 1245 1054 montes
1265 998 1356 1053 erant
1378 989 1475 1052 altis-

302 1095 377 1158 simi
398 1104 433 1158 ot
454 1094 647 1160 videbantur
667 1097 760 1160 nobis
781 1096 952 1181 caliginosi
973 1107 1006 1160 et
1028 1090 1262 1179 quodammodo
1280 1093 1376 1177 nigri,
1396 1093 1473 1175 quia

303 1199 415 1282 procot
449 1199 623 1265 distabant.
677 1201 766 1264 Inter
799 1203 859 1266 hos
889 1211 1014 1266 montes
1042 1201 1183 1266 ostendit
1209 1200 1303 1262 nobis
1331 1205 1473 1261 montem

303 1322 457 1388 magnum
477 1314 508 1368 et
531 1305 696 1368 exosisnm
723 1306 836 1394 vaide,
868 1306 932 1370 duo
963 1308 1133 1370 cacumina
1158 1303 1253 1390 qnasi
1280 1302 1345 1365 dno
1366 1299 1473 1383 capita

280 1409 486 1493 babentes,
501 1427 635 1492 quorum
656 1411 764 1490 tamen
787 1429 884 1475 unum
906 1410 1005 1475 multo
1026 1409 1123 1475 altius
1144 1411 1245 1473 altero
1266 1415 1346 1469 erat.
1369 1404 1473 1469 Cum-
1524 1489 1529 1496 Ι

198 1570 202 1578 .
304 1531 369 1595 qno
390 1531 502 1576 omnes
524 1523 671 1578 montem·
685 1515 900 1599 intueremur,
923 1514 1018 1596 dixit:
1041 1532 1136 1599 ecce,
1158 1513 1278 1576 domini
1299 1509 1471 1595 peregrini,

302 1619 429 1682 tric-est
450 1635 543 1681 mons
563 1619 698 1682 sairetns
721 1617 806 1700 0reb
830 1628 861 1682 et
883 1617 1005 1726 Synai,
1027 1620 1060 1682 in
1081 1597 1145 1703 quo
1166 1615 1278 1681 vestra
1309 1616 1471 1680 laboriosa
1501 1644 1505 1650 ⁴

239 1717 244 1728 '
283 1711 524 1805 ¹peregrinatio
551 1713 865 1813 terminatur.1'1'op
893 1721 979 1787 eum.
1000 1717 1266 1806 audivissemus,
1288 1721 1398 1784 statim
1429 1717 1471 1782 de

302 1828 406 1890 asinis
431 1827 609 1892 occidimus
639 1837 672 1891 et
682 1819 855 1914 protensis
876 1830 1041 1916 manibus,
1073 1829 1167 1892 denis
1187 1825 1338 1923 'genubus
1360 1832 1473 1888 contra

221 2001 225 2006 ,
291 1941 446 1996 montem
463 1927 639 2024 sanetrn'n',
664 1931 769 2024 Deum
796 1929 1036 2023 adoravimus
1057 1932 1174 2022 Finita
1185 1933 1294 1996 'antem
1328 1930 1474 1994 eratione

303 2020 503 2098 surreximus
525 2046 558 2098 et
586 2037 627 2101 ad
658 2019 784 2120 partem
816 2039 960 2102 dextram
988 2015 1076 2100 mare
1108 2039 1237 2100 ιιιΙιιιιιιι
1259 2015 1447 2100 uidimus
1438 2050 1473 2094 ιιι

302 2149 395 2224 parte
416 2142 504 2203 satis
521 2159 638 2225 magna
667 2153 699 2208 et
722 2143 891 2214 videbatur
918 2143 1010 2230 nobie
1040 2161 1128 2208 mare
1159 2141 1287 2204 rubrum
1310 2139 1352 2201 de
1361 2155 1474 2221 prope

274 2245 276 2250 '
304 2262 390 2328 esse,
404 2262 444 2307 ao
465 2246 495 2306 si
517 2247 590 2328 quis
611 2249 644 2309 in
667 2265 727 2310 sox
748 2248 835 2310 horis
856 2245 968 2330 posset
989 2247 1023 2308 in
1044 2265 1128 2330 equo
1155 2244 1280 2308 vadens
1305 2242 1471 2322 accedere,

304 2347 366 2410 sed
399 2347 534 2412 Caiinns
566 2351 647 2414 dixit
681 2354 790 2434 nobis,
824 2348 909 2434 qnod
931 2357 1043 2414 essent
1075 2359 1140 2411 tres
1167 2365 1304 2431 magnae
1336 2347 1470 2410 diaetae

302 2451 372 2515 Sub
394 2462 502 2514 monte
525 2472 621 2536 varo,
644 2456 677 2518 in
698 2474 762 2539 qno
782 2457 958 2536 stabamus,
981 2461 1048 2516 erat
1071 2456 1161 2536 regio
1183 2452 1374 2535 campestris
1394 2450 1471 2530 lata,

283 2566 376 2640 post
397 2574 494 2641 qnam
517 2564 606 2620 orant
638 2564 785 2639 montes,
812 2561 873 2643 qui
897 2559 1048 2622 continue
1068 2559 1101 2621 in
1122 2556 1293 2620 altitudine
1321 2554 1473 2639 proficio-

303 2665 380 2725 bant
409 2679 514 2744 usque
542 2657 582 2722 ad
612 2658 769 2724 altissima
801 2673 951 2726 montana
980 2663 1100 2726 deserti
1132 2659 1245 2744 synai.
1297 2660 1391 2722 Visis
1419 2657 1471 2721 bis

302 2765 473 2828 eduximus
501 2765 543 2829 de
568 2765 709 2830 maculis
734 2769 856 2830 nostris
887 2769 977 2832 cibos
1003 2775 1038 2830 et
1061 2763 1259 2848 jentaculum
1285 2764 1471 2845 sumsimus,

301 2869 398 2932 simui
419 2869 583 2934 sedentes.
605 2869 686 2932 Post
706 2870 768 2934 boe
788 2871 932 2934 infirmos
953 2882 1082 2936 nostros
1104 2870 1146 2933 de
1159 2866 1353 2932 camelorum
1373 2885 1469 2949 spor-

303 2975 346 3037 tis
367 2975 568 3057 levavimus,
590 2982 626 3037 ut
647 2973 816 3057 pedestres
838 2977 1003 3040 nobiscnm
1030 2995 1090 3060 per
1112 2991 1270 3058 praeceps
1291 2970 1473 3034 deseende-

303 3087 385 3143 rent.
428 3079 470 3141 ibt
499 3080 650 3162 quamvis
677 3080 886 3144 involuntarii
914 3089 1044 3161 essent,
1072 3091 1180 3142 tamen
1211 3078 1380 3160 oportebat
1412 3091 1470 3138 eos

302 3200 361 3262 per
374 3199 413 3244 se
432 3182 597 3246 ambulare
617 3200 677 3265 per
694 3183 781 3245 ilium
798 3183 991 3248 descensum
1006 3181 1325 3268 periculosissimum.
1346 3177 1471 3242 Cameli

302 3301 380 3366 ergo
413 3285 647 3365 praecedentes
674 3286 915 3350 descendebant
948 3305 1030 3352 cnm'
1053 3290 1167 3366 tirnore
1200 3294 1236 3347 et
1269 3294 1406 3346 tremore
1437 3291 1470 3345 et

300 3405 434 3469 pessum
459 3397 539 3469 post
568 3407 700 3472 passum
733 3391 921 3453 cautissime
958 3393 1136 3474 iaciebant,
1165 3390 1315 3453 timentes
1345 3389 1407 3450 sibi
1435 3397 1470 3450 et

300 3492 371 3554 suis
394 3492 546 3554 oneribus
566 3500 604 3556 et
622 3491 805 3556 tardissime
825 3495 925 3577 ibant,
942 3515 1006 3560 nno
1026 3498 1111 3558 enim
1135 3496 1219 3559 iacto
1237 3510 1336 3577 passu
1350 3509 1469 3555 moram

302 3595 431 3678 longam
466 3593 545 3677 (89
557 3603 601 3674 0)
626 3597 804 3680 faciebant,
835 3607 1008 3683 antequem
1032 3600 1127 3663 alium
1158 3600 1364 3680 inchoarent,
1396 3597 1472 3680 quia

301 3717 461 3783 praeceps
482 3711 515 3763 et
536 3699 737 3784 periculosus
759 3702 939 3767 descensus
961 3713 1040 3768 erat.
1083 3703 1233 3787 Cumque
1251 3703 1345 3786 quasi
1366 3720 1471 3784 nsque

299 3800 343 3866 ad
353 3803 491 3868 medinm
502 3807 608 3871 saltus
619 3807 835 3891 venissemus,
848 3809 992 3873 camelus
1002 3809 1065 3891 ille,
1076 3808 1217 3890 adcnjus
1228 3806 1314 3870 latus
1325 3825 1410 3870 unus
1418 3807 1470 3869 in·

300 3905 413 3970 firmus
424 3914 613 3994 peregrinus
633 3911 674 3974 de
694 3914 870 3994 potioribus
881 3924 913 3977 et
924 3914 1130 3978 nobilioribus
1149 3932 1207 3995 per
1231 3911 1392 3975 desertdm
1410 3929 1471 3993 pe·

300 4011 466 4096 penderat,
478 4015 594 4079 voleus
610 4016 744 4097 [voluit]
754 4036 810 4098 per
820 4037 932 4101 rupem
942 4036 1039 4081 unam
1052 4015 1267 4098 descender03
1280 4025 1312 4078 et
1325 4015 1399 4077 dnm
1410 4033 1472 4092 an-‚

300 4116 436 4180 terioros
465 4115 566 4201 pedes
600 4121 818 4203 submitteret,
853 4123 1087 4205 posterioribus
1117 4121 1269 4206 supernis
1300 4119 1471 4202 stantibus,

299 4222 406 4285 subito
427 4221 603 4287 soliacum
625 4226 776 4288 oneribus
797 4244 856 4306 per
871 4209 993 4289 'collum
1019 4235 1053 4290 et
1073 4234 1169 4309 eaput
1190 4225 1316 4290 bestiae
1345 4222 1472 4306 dilapsa

300 4335 368 4409 ost,
391 4337 424 4390 et
444 4345 503 4410 per
525 4345 682 4412 praeceps
709 4328 816 4393 omnia
835 4329 1025 4396 ceciderunt
1045 4331 1144 4414 longe
1165 4329 1315 4395 deorsum
1337 4324 1471 4400 rotando
