3232 5218
273 479 396 558 Quarto
418 480 531 544 videre
552 489 671 563 restat,
704 498 746 542 an
768 479 974 546 Christianus
995 481 1068 543 sine
1093 490 1230 563 peccato
1251 485 1355 568 possit

184 587 373 649 muscheam
398 585 538 668 intrare,
570 603 635 648 non
663 585 705 648 ad
726 583 939 668 adorandum,
975 604 1037 649 nec
1057 585 1099 648 ad
1132 587 1355 672 perditionem,

185 711 248 756 nec
269 690 311 753 ad
337 691 546 773 ignominiam
568 699 623 753 aut
645 689 773 754 trudam
795 689 993 768 taciendam,
1023 689 1083 754 sed
1110 691 1215 755 solum
1236 692 1279 756 ad
1299 696 1356 758 vi-

186 794 347 876 dendum,
382 803 446 857 tam
469 793 654 858 muscheam
690 813 786 879 quam
820 797 915 859 ritum
943 794 1023 877 ejus.
1068 793 1196 878 Credo,
1230 798 1355 862 sisino

186 901 329 984 periculo
360 897 487 981 ingredi
519 899 639 982 poterit
678 909 710 963 et
731 903 805 963 sine
837 910 929 982 rrota,
967 898 1053 982 quod
1082 919 1147 962 non
1179 903 1356 965 committat

185 1024 336 1088 magnum
358 1014 543 1087 peccatum,
565 1005 715 1088 quamvis
736 1005 884 1067 curiosus
909 1003 1059 1066 videatur
1079 1021 1172 1088 esse,
1202 1006 1268 1069 nlsi
1294 1005 1354 1069 de·

186 1112 276 1174 votio
308 1128 381 1171 eum
411 1117 443 1170 et
474 1127 539 1171 uon
568 1109 741 1172 curiositas
771 1108 962 1190 impelleret.
1005 1107 1042 1171 Si
1079 1110 1163 1172 enim
1196 1110 1352 1177 mnsohea

187 1223 253 1278 stat
277 1216 311 1277 in
336 1214 408 1278 loco
440 1214 548 1297 aliquo
582 1221 713 1295 sancto,
744 1223 777 1276 et
805 1212 1012 1278 Christianus
1039 1214 1166 1277 occulte
1186 1224 1293 1298 potest
1321 1224 1355 1278 et

186 1322 260 1382 sine
291 1329 368 1383 uota
396 1327 430 1380 et
462 1317 606 1400 periculo
644 1318 763 1380 habere
793 1319 978 1400 ingressam
1000 1326 1032 1380 ct
1064 1337 1249 1402 egressum,
1286 1329 1353 1382 tum

186 1426 300 1487 merito
332 1431 442 1506 potest
486 1422 613 1504 ingredi
650 1430 683 1484 et
719 1429 839 1487 terram
881 1423 1068 1510 deosculari,
1103 1431 1138 1486 et
1175 1427 1353 1488 orationem

186 1528 331 1610 sundere,
353 1531 440 1591 sicut
460 1527 597 1590 lecimus
616 1527 650 1588 in
672 1528 835 1608 munchen,
847 1547 932 1612 quae
952 1537 1005 1590 est
1025 1546 1126 1611 supra
1146 1529 1353 1611 sepulchrum
1374 1515 1387 1541 ’

185 1633 311 1716 David,
349 1630 476 1714 dequo
499 1629 553 1694 iol.
575 1629 630 1701 97.
658 1631 694 1692 li.
739 1633 781 1694 lit
809 1632 947 1696 libenter
977 1634 1170 1696 fecissemus
1203 1633 1288 1696 idem
1316 1634 1349 1696 in

185 1737 339 1800 muschea
366 1736 491 1816 llbrou,
521 1744 678 1817 quaeest
711 1753 811 1818 super
833 1737 994 1821 duplicem
1023 1738 1231 1821 speluncam,
1265 1739 1351 1802 siout

187 1849 278 1926 patet
299 1841 383 1904 Part.
414 1842 454 1901 ll.
477 1838 531 1901 fol.
551 1841 581 1902 8.
623 1839 661 1902 Si
682 1850 789 1904 autem
824 1861 888 1904 non
909 1851 1019 1925 potest
1039 1843 1151 1905 haberi
1182 1843 1352 1926 ingressus

186 1946 252 2008 nisi
275 1963 346 2008 cnm
368 1944 512 2027 periculo
539 1943 595 2006 vel
616 1962 690 2006 cum
722 1946 877 2027 gravibus
900 1948 1070 2028 expensis,
1090 1967 1155 2010 non
1176 1947 1353 2029 prudenter

187 2049 281 2132 iacit,
305 2051 361 2132 qui
383 2050 480 2112 talem
503 2049 609 2111 locum
630 2048 820 2130 ingreditur.
864 2051 952 2112 Novi
975 2051 1123 2132 militem,
1145 2059 1180 2112 et
1201 2053 1298 2115 hodie
1319 2053 1352 2113 in

188 2155 338 2217 humenis
358 2156 460 2235 vivit,
483 2153 537 2236 qui
559 2152 719 2216 desiderio
736 2152 868 2216 videndi
891 2155 1061 2236 templum,
1098 2153 1139 2216 de
1161 2171 1224 2235 quo
1244 2155 1352 2237 loqui-

187 2277 273 2341 mur,
296 2266 435 2338 tractus,
458 2267 586 2341 pactum
612 2275 683 2320 cum
707 2256 844 2341 quodam
866 2258 1070 2322 Mamalucco
1094 2258 1186 2339 iecit,
1221 2267 1255 2320 nt
1278 2277 1351 2324 eum

185 2362 331 2427 indutum
352 2365 463 2426 habitu
485 2363 689 2426 sarracenico
712 2362 889 2446 induceret,
912 2382 976 2447 quo
998 2363 1084 2426 iacto
1105 2371 1202 2425 vetus
1223 2363 1352 2426 Mama-

187 2466 301 2531 lnccus
328 2486 401 2530 cum
423 2476 518 2530 veste
545 2466 690 2529 indutum
714 2467 837 2531 socium
871 2478 1016 2533 nostrum
1038 2468 1164 2532 induxit
1185 2487 1289 2552 usque
1310 2468 1352 2532 ad

187 2573 348 2636 introitum
370 2574 443 2636 atrii
464 2571 588 2655 templi,
610 2573 664 2634 nbi
686 2572 761 2635 dum
782 2579 894 2636 essent
923 2585 956 2638 et
985 2577 1049 2639 iam
1072 2577 1193 2652 intrare
1213 2575 1346 2656 vellent,

188 2671 311 2741 tantus
331 2685 435 2740 terror
470 2677 593 2739 invasit
621 2677 770 2760 militem,
807 2676 892 2761 quod
918 2697 998 2761 prae
1025 2689 1163 2742 tremore
1184 2681 1242 2742 vix
1262 2689 1351 2742 stare

185 2791 329 2864 poterat,
362 2800 425 2845 uec
445 2799 545 2844 ansus
569 2781 626 2843 init
658 2782 794 2864 intrare,
827 2781 887 2845 sed
919 2801 1073 2846 reversus
1102 2786 1192 2846 venit
1213 2784 1254 2847 ad
1276 2802 1349 2866 nos,

184 2887 332 2970 gaudens
360 2905 397 2949 se
427 2886 594 2950 liberatum
617 2904 637 2947 a
658 2889 831 2969 proposito.
872 2888 947 2951 Nec
965 2877 1102 2969 ¹mirum,
1123 2888 1209 2971 quod
1241 2889 1348 2950 timuit

186 2999 320 3074 propter
360 2994 452 3055 vitae
491 2990 684 3073 pericnlum,
723 3009 796 3054 cnm
835 2991 876 3053 dc
911 2992 1066 3056 fidelitate
1112 2994 1164 3054 sul
1206 2992 1349 3061 ductoris

186 3105 296 3160 certus
325 3115 388 3158 nou
420 3097 489 3166 in'd.
533 3093 691 3173 Quemvis
720 3097 818 3160 etiam
850 3111 913 3179 ego
940 3099 1012 3180 ipse
1043 3096 1180 3159 lihenter
1208 3078 1351 3160 novaret

185 3200 315 3264 curiosa
338 3199 477 3283 videam,
497 3199 606 3282 (2⁰8
616 3201 670 3284 Δ)
693 3200 732 3264 ad
754 3201 906 3283 templum
930 3210 1036 3264 tamen
1056 3200 1135 3280 illud
1161 3201 1349 3285 ingredien-

184 3306 259 3370 dum
282 3325 453 3390 numquam
476 3307 523 3368 ini
545 3314 706 3388 tentatus,
738 3304 867 3368 suffecit
888 3307 965 3369 mihi
987 3314 1140 3390 aspectus
1161 3307 1248 3390 ejus,
1285 3325 1348 3391 quo

185 3410 288 3474 iateor
316 3432 368 3475 me
395 3429 553 3494 persaepe
585 3411 688 3474 inisse
722 3414 883 3474 turbatum
913 3419 947 3475 et
969 3411 1241 3495 scandalizatum,
1273 3413 1350 3476 dum

187 3516 298 3599 templi
319 3515 406 3580 illius
428 3516 627 3592 munditiem,
653 3526 798 3579 ornatum
817 3527 850 3579 ot
870 3517 1133 3599 compositionem
1158 3518 1199 3581 ad
1217 3519 1348 3580 nostras¹

184 3639 366 3704 comparem
389 3619 556 3704 ecclesias,
578 3639 671 3704 quae,
692 3641 749 3703 pro
774 3620 891 3703 pudor!
914 3623 1008 3704 quasi
1028 3621 1156 3683 stabula
1175 3623 1349 3684 bestiarum

184 3736 269 3789 sunt.
313 3725 410 3788 Stant
444 3727 529 3788 enim
562 3735 693 3788 nostrae
725 3724 885 3788 ecclesiae
912 3723 1111 3806 immundae,
1144 3731 1277 3807 perviae
1312 3735 1348 3789 nt

184 3829 378 3912 diversoria,
397 3817 561 3913 spurcitiis
587 3830 789 3913 inquinatae,
818 3831 850 3892 in
871 3837 1015 3892 nostram
1039 3831 1208 3894 maximam
1231 3831 1349 3894 conin-

184 3923 320 4018 sionem,
332 3943 369 3997 et
385 3937 419 3997 in
441 3942 714 4000 sacramentorum
727 3943 922 3997 contemtum
941 3942 971 3996 et
985 3933 1203 4017 vilipendium.
1226 3937 1348 4018 Ingens
1481 3971 1485 3978 ·

183 4039 332 4103 conlusio
363 4048 433 4120 est,
465 4037 577 4102 videre
610 4040 643 4100 in
679 4038 861 4102 Jerusalem
894 4039 1067 4103 ecclesiam
1102 4041 1348 4103 resurrectionis

183 4139 305 4207 Christi
322 4152 410 4207 stare
423 4161 527 4226 paene
542 4144 666 4227 absque
686 4143 813 4225 decore,
828 4152 989 4228 tamquam
1010 4143 1171 4227 hospitale
1190 4144 1349 4207 lumosnm
1473 4167 1480 4174 ·

185 4255 216 4310 et
237 4265 370 4311 cernere
390 4248 561 4312 ecclesiam
575 4248 770 4311 hlaohometi
792 4247 923 4311 nitidam
946 4257 980 4310 et
1001 4248 1163 4331 mundam,
1182 4257 1347 4330 tamquam

186 4353 295 4433 regale
305 4354 467 4435 palatium.
488 4352 623 4436 Oquam
635 4351 802 4416 dissimilis
812 4351 974 4434 proportio
985 4360 1017 4413 et
1034 4350 1139 4416 aliena
1149 4349 1346 4435 comparatio
