3212 5206
311 479 545 560 denegaremus
566 487 682 554 panem
705 479 738 533 et
758 489 891 555 aquam,
913 481 946 535 et
967 473 1150 538 securiores
1182 491 1344 540 memus.
1388 477 1487 542 Unde

309 597 439 665 semper
458 580 492 642 in
506 593 579 641 scre
593 593 706 640 omnes
720 579 814 641 nobis
827 579 956 661 ignotos
974 582 1226 644 convocavimus
1247 589 1281 642 et
1302 581 1354 644 eis
1368 599 1487 664 pane·

263 689 265 698 '
309 693 342 749 et
372 699 488 768 aquam
516 680 558 744 ad
585 699 767 745 mensuram
796 684 1060 765 participavimns
1088 684 1256 750 hortamen
1282 704 1350 769 eos,
1383 704 1427 749 ne
1446 703 1487 751 se

305 791 400 876 Juxta
421 788 558 852 tentoria
586 796 696 851 nostra
717 788 879 876 iocarpnt,
901 786 961 851 sed
983 787 1117 872 abirent,
1146 788 1233 871 qnod
1259 790 1291 852 si
1310 805 1409 852 secus
1433 790 1486 853 ia-

308 901 429 977 cerent,
446 909 504 956 eos
524 909 597 955 cum
620 891 760 957 fustibus
781 900 816 956 et
837 893 961 959 baculis
982 909 1003 955 a
1023 893 1116 956 nobis
1137 893 1296 978 repellere
1311 893 1484 977 vellemus,

307 1002 392 1067 sicut
412 1017 475 1062 nec
496 1004 626 1062 nestros
646 1013 762 1063 servos
783 998 974 1066 accumbere
995 996 1163 1062 nobiscnm
1185 998 1404 1082 permisimus.

512 1301 646 1382 Gravis
668 1310 708 1378 et
734 1298 931 1399 singularia
958 1323 1069 1378 casus
1092 1300 1138 1376 F.
1162 1299 1208 1376 lt.
1233 1299 1281 1376 F.

389 1536 513 1615 Quarta
535 1531 660 1595 decima
683 1530 745 1613 die,
762 1547 845 1612 quae
868 1539 919 1593 est
940 1527 1145 1595 exaltationis
1161 1529 1197 1594 S.
1219 1532 1338 1614 crucis,
1360 1540 1480 1597 steret

132 1682 135 1690 ·
258 1707 262 1716 ,
306 1633 469 1716 dominica
486 1637 566 1700 xv:
591 1646 665 1720 post
695 1635 878 1716 Trinitatis,
911 1653 1006 1697 mane
1038 1645 1114 1698 ante
1144 1636 1248 1699 iucem
1279 1639 1479 1702 surreximus

305 1737 514 1831 disponentes
534 1759 594 1804 nes
616 1739 657 1803 ad
680 1755 855 1801 recessum.
898 1738 982 1802 Orta
1003 1749 1054 1803 est
1079 1749 1185 1804 autern
1207 1743 1323 1805 iterum
1343 1743 1424 1805 dura
1445 1753 1479 1807 et

302 1853 436 1940 grandis
458 1845 622 1912 altercatio
648 1845 732 1906 inter
752 1841 941 1925 peregrinos
970 1853 1004 1906 et
1032 1845 1220 1909 camelarios
1250 1856 1284 1908 et
1305 1847 1476 1930 minorica,

303 1965 389 2028 sicut
410 1956 504 2042 quasi
525 1949 664 2033 singuiis
685 1949 799 2012 dicbus
820 1949 1007 2031 contingere
1035 1950 1168 2012 solebat.
1213 1950 1288 2012 Hoc
1308 1951 1393 2013 enim
1416 1950 1478 2014 de-

303 2063 452 2133 testabile
473 2057 590 2121 malum
604 2056 637 2117 in
659 2055 721 2117 hac
743 2055 1002 2136 peregrinatione
1022 2055 1245 2135 sustinuimus,
1263 2054 1350 2137 quod
1365 2054 1477 2118 famuli

304 2171 417 2252 nasim,
439 2181 522 2249 qnos
553 2159 668 2242 grandi
697 2157 910 2222 conduximus
941 2159 1043 2241 pretio
1071 2167 1103 2220 ct
1135 2159 1308 2223 excessiva
1339 2159 1477 2241 pecunia
1547 2203 1550 2208 ·

102 2281 105 2289 ·
177 2281 180 2290 “
204 2285 205 2288 ’
244 2276 451 2353 ’“ὀωίηιιιε,
466 2285 524 2351 pre
537 2273 647 2327 nostro
660 2263 823 2326 tumulata
845 2272 937 2327 erant
951 2263 1043 2324 nobis
1065 2261 1213 2324 infideles
1236 2269 1269 2325 et
1290 2263 1477 2326 furabantur

305 2377 423 2456 omnia,
443 2389 527 2456 qnae
547 2375 707 2451 poterant.
731 2367 893 2431 Noctibus
919 2367 1044 2431 occulte
1066 2367 1108 2430 ad
1131 2383 1248 2430 saccos
1266 2367 1476 2449 paximatium

302 2499 341 2546 se
373 2474 580 2542 conferebant
619 2483 652 2540 ct
684 2471 841 2535 foramina
873 2472 1076 2555 lacerabant,
1108 2480 1141 2534 et
1172 2480 1292 2554 quanta
1328 2479 1475 2554 poterant

301 2582 513 2667 accipiebant,
532 2575 678 2639 forebant
701 2577 785 2638 enim
809 2576 960 2640 rodentes
981 2577 1065 2639 sicut
1086 2574 1196 2657 glires,
1209 2593 1271 2638 nec
1290 2585 1474 2658 poteramus

299 2689 381 2753 adeo
396 2675 570 2767 diiigenter
591 2682 737 2765 vigilare,
751 2682 826 2763 quin
849 2681 996 2744 omnibus
1018 2680 1167 2743 noctibus
1181 2681 1324 2762 rapinam
1338 2699 1359 2743 a
1379 2682 1473 2744 nobis

301 2795 517 2876 deportarent,
540 2795 617 2849 sunt
640 2787 724 2849 enim
740 2770 1004 2848 'artificiosissimi
1026 2785 1124 2867 iures,
1147 2786 1290 2848 scientes
1313 2786 1347 2847 in
1369 2785 1473 2849 oculis

299 2898 489 2962 intuentium
505 2911 629 2975 rapere.
653 2890 706 2953 Ati
725 2891 787 2954 hec
802 2893 896 2953 etiam
916 2897 1005 2953 erent
1018 2889 1224 2951 involuntarii
1241 2887 1281 2951 ad
1296 2887 1472 2953 tollendum

300 2997 535 3085 supellectilem
557 3005 711 3079 nostram,
733 3003 982 3079 propterquam
1004 3003 1111 3055 tamen
1131 2993 1221 3075 ipses
1243 3009 1316 3055 cum
1337 2994 1471 3057 camelis

299 3109 452 3185 emimus,
473 3111 504 3164 et
526 3101 611 3163 omrai
633 3109 777 3181 tempore
806 3100 954 3162 instante
981 3099 1166 3161 oneratione
1192 3095 1385 3180 abjiciebant
1414 3117 1470 3163 res

298 3217 428 3272 nostras
451 3213 483 3267 et
518 3204 684 3266 nobiscum
707 3201 959 3283 contendebant,
980 3221 1043 3266 nec
1071 3202 1208 3285 paciiice
1233 3201 1388 3265 tollebant
1408 3203 1470 3266 eb-
1533 3230 1542 3248 ι

295 3311 401 3396 jecta,
435 3309 499 3372 nisi
531 3325 649 3370 nouum
669 3315 866 3388 argentum,
888 3306 975 3389 qued
1003 3305 1081 3369 dare
1112 3307 1241 3369 minime
1273 3307 1470 3392 tenebamur,

296 3414 452 3481 viderent.
497 3411 603 3493 Supra
626 3410 753 3473 medum
775 3427 875 3493 saepe
897 3410 1106 3474 turbaverunt
1125 3429 1185 3474 nos
1209 3411 1257 3479 illi
1285 3414 1411 3494 miseri,
1437 3414 1471 3476 si

299 3539 364 3582 non
387 3517 607 3580 timuissemus
637 3514 741 3597 majus
769 3515 945 3597 periculum
970 3516 1064 3580 rrebis
1091 3517 1346 3598 superfuturum,
1368 3533 1469 3599 saepe

296 3623 486 3687 verberibus
508 3628 543 3683 et
562 3619 667 3701 plagis
688 3637 745 3681 eos
761 3617 995 3704 effecissemus,
1013 3622 1089 3705 quia
1110 3638 1167 3683 eos
1189 3623 1283 3684 vivos
1309 3619 1467 3703 deglutire

299 3729 531 3811 potuissemus,
553 3733 586 3786 nt
610 3726 769 3785 communi
790 3724 883 3787 mode
912 3723 1063 3808 loquendi
1093 3733 1174 3788 utar.
1217 3724 1322 3787 Multa
1351 3727 1386 3787 in
1416 3725 1470 3790 iris

295 3831 609 3895 vindictaadivinae
632 3830 849 3892 commisimus
876 3839 908 3892 et
940 3830 1115 3913 injustitias
1137 3830 1325 3893 manifestas
1346 3829 1467 3893 tolera-

294 3938 411 4000 vimus.
433 3935 538 4018 igitur
561 3936 702 3998 oneratis
717 3935 833 3996 bestiis
857 3953 877 3995 a
906 3931 1034 3998 deserte
1065 3933 1248 4017 Magdabee
1270 3936 1466 3998 recessimus

292 4048 326 4103 et
337 4039 529 4102 intravimus
548 4039 722 4101 vastiorem
745 4047 778 4099 et
798 4039 1028 4102 horribiliorem
1045 4037 1260 4120 solitudinem,
1277 4058 1372 4125 qnam
1393 4037 1464 4102 heri

293 4151 326 4206 et
357 4142 475 4205 nudius
506 4142 619 4204 tertius
641 4141 827 4224 babuimus,
858 4161 920 4206 nec
952 4143 1090 4225 amplius
1122 4149 1178 4206 ant
1209 4143 1374 4207 heminam
1406 4151 1464 4205 aut

289 4249 465 4311 bestiarum
485 4245 727 4328 deprehendere
747 4247 889 4330 vestigia
909 4257 1102 4331 poteramus.
1135 4248 1237 4329 igitur
1257 4265 1407 4329 gressum
1428 4254 1463 4308 et

176 4347 187 4370 ⁶
291 4353 462 4418 transitum
484 4361 597 4416 contra
609 4350 645 4416 S.
668 4349 864 4416 catharinae
883 4350 1010 4415 stellam
1032 4351 1216 4435 accepimns
1235 4353 1309 4414 rinc
1329 4351 1385 4415 via
1402 4365 1464 4434 per
