3202 5218
666 345 729 410 bib

111 529 303 594 descensum
329 527 564 596 adseentimos
595 549 654 613 per
684 548 783 614 rupes
811 527 853 594 de
883 537 1024 594 torrente
1044 536 1078 590 et
1107 531 1141 592 in
1170 528 1277 594 locum

1 661 2 690 t
110 632 262 718 virgultis
284 641 316 696 et
337 634 517 700 virentibus
539 633 713 698 arbustulis
735 635 890 718 repletum
914 635 1080 717 venimus,
1102 653 1160 718 per
1181 654 1277 719 quem

111 749 226 802 euntes
247 738 280 802 in
303 755 450 820 campum
484 739 632 802 venimus
659 757 847 825 arenosum,
876 739 909 801 in
932 757 995 822 qno
1017 740 1117 802 multa
1138 741 1279 822 vestigia

1 887 2 908 r
111 845 291 924 hominum,
315 842 508 906 camelorum
531 851 562 904 et
581 845 742 908 asinorum
766 862 852 908 nova
878 842 992 908 sabulo
1013 845 1171 927 impressa
1192 844 1280 908 vidi·

112 966 195 1012 raus.
236 948 314 1012 Erat
336 955 441 1010 autem
464 965 598 1030 campus
620 949 676 1012 ille
696 948 912 1014 circumdatus
941 947 1082 1011 arbustis
1111 958 1142 1011 et
1166 949 1281 1012 fructi·

113 1053 175 1116 bns
196 1062 228 1114 et
249 1054 283 1114 in
304 1073 344 1116 eo
375 1061 467 1116 erant
499 1051 590 1115 multi
621 1054 709 1137 putei
731 1063 762 1115 et
786 1054 902 1118 loveae
934 1071 1105 1136 equorum,
1141 1073 1223 1136 quas
1244 1064 1280 1118 ut

113 1158 272 1239 vidimus,
293 1158 335 1220 de
355 1158 457 1220 asinis
478 1155 683 1240 prosiluimus
705 1167 738 1220 et
760 1158 869 1221 laetati
902 1158 1021 1222 ruimus·
1043 1177 1100 1240 pro
1124 1177 1278 1241 aquarum

114 1265 308 1326 inventione.
352 1261 562 1324 Accurrimus
582 1271 689 1326 autom
713 1263 754 1326 ad
781 1263 959 1346 proximam
991 1263 1118 1326 foveam
1143 1272 1175 1324 et
1195 1263 1280 1328 situ-

1 1401 2 1404 =
113 1367 176 1430 lam
198 1364 240 1428 de
261 1366 347 1428 corio
369 1366 503 1440 iactam,
525 1385 620 1450 quam
643 1368 751 1431 Arabs
772 1377 882 1432 uester
902 1385 1013 1430 secum
1037 1367 1176 1451 serebat,
1198 1367 1280 1434 sub·

114 1473 260 1534 misimus
281 1480 312 1532 et
335 1487 449 1552 aquam
473 1470 639 1534 hausimus
660 1489 803 1534 crassam
826 1481 857 1534 ot
880 1471 1048 1553 turbidam,
1065 1469 1107 1534 de
1124 1473 1188 1554 qua
1207 1489 1280 1536 cum

113 1564 224 1638 bibere
248 1574 423 1656 vellemus,
458 1577 662 1656 gustavimus
683 1594 798 1658 aquam
822 1593 897 1638 esse
928 1576 1160 1658 salsissimam,
1191 1579 1282 1642 acsi

1 1751 2 1754 Ἴ
116 1679 157 1742 de
178 1679 258 1742 mari
276 1687 367 1740 esset
387 1679 520 1762 hausta,
549 1697 644 1762 quarn
668 1697 729 1742 nec
750 1680 833 1742 asini
856 1681 957 1743 nostri
990 1680 1100 1743 bibere
1120 1689 1278 1764 poterant.

1 1832 2 1850 r
115 1781 252 1861 Quando
274 1790 380 1845 autem
402 1780 494 1844 vultu
516 1783 641 1845 turbato
661 1784 803 1846 Arabem
825 1783 988 1848 ductorem
1011 1793 1155 1848 nostmm
1176 1785 1283 1868 respi-

116 1905 279 1969 ceremus,
301 1903 341 1948 ae
361 1887 389 1948 si
409 1905 469 1950 uos
491 1886 667 1950 delusisset
688 1896 719 1950 et
740 1890 843 1970 gratis
876 1886 1162 1972 circumduxisset,
1193 1889 1282 1954 dedit

1 2041 2 2057 2
116 1992 210 2054 uobis
243 1992 390 2074 signum,
420 2000 455 2054 ut
483 1993 578 2054 etiam
610 1989 692 2054 alios
729 2001 843 2072 puteos
873 2001 1081 2076 gustaremus
1112 2004 1143 2057 et
1164 2013 1280 2077 aquam

1 2181 9 2193 η
117 2092 244 2160 dulcem
275 2113 512 2179 quaereremus.
554 2096 766 2160 secessimus
797 2114 874 2180 ergo
896 2097 938 2162 ad
970 2097 1067 2162 alium
1097 2107 1226 2182 puteum
1248 2107 1283 2162 et
1376 2147 1381 2152 -

116 2201 232 2266 hausta
252 2219 337 2283 aqua
367 2199 507 2281 insipida
533 2201 663 2284 quidem
695 2201 773 2284 luit,
805 2201 864 2266 sed
895 2222 960 2267 non
988 2201 1070 2266 adeo
1099 2221 1224 2285 amara,
1247 2211 1283 2266 ut

117 2309 236 2389 prima,
258 2306 307 2370 sic
328 2325 386 2388 per
415 2305 561 2388 singulas
583 2307 698 2370 foveas
723 2307 922 2370 cucurrimus
940 2315 973 2370 et
996 2325 1111 2389 aquam
1143 2327 1201 2391 pre
1223 2307 1284 2372 be-

5 2477 6 2482 ,
113 2411 188 2478 aliis
209 2412 411 2492 invenimus,
433 2409 492 2472 sed
515 2431 573 2493 pro
592 2412 686 2475 nobis
719 2430 783 2473 uon
806 2421 875 2476 erat
896 2430 981 2495 aqua
1011 2414 1045 2474 in
1067 2413 1182 2495 puteis.
1227 2414 1284 2475 ln-

1 2586 2 2598 ,
116 2517 200 2602 cepit
222 2526 327 2580 autem
340 2516 448 2580 Arabs
466 2516 576 2580 sedere
597 2525 629 2579 et
648 2534 776 2580 arenam
793 2517 941 2581 manibus
961 2516 1080 2599 ejicere
1092 2517 1125 2580 in
1147 2516 1285 2600 quadam

0 2619 1 2628 ’
118 2621 214 2682 fovea
235 2621 325 2682 sicea
346 2639 409 2682 non
432 2620 606 2703 protunda,
629 2639 726 2704 quarn
750 2637 810 2684 nos
830 2620 1026 2702 invenimus,
1049 2629 1082 2684 et
1103 2621 1177 2686 dum
1200 2640 1285 2704 pan-

119 2724 216 2786 lnlnm
245 2722 455 2804 fodissemus,
484 2723 619 2787 ebullire
649 2727 755 2807 coepit
782 2723 1015 2809 aquaturbida
1045 2725 1191 2808 quidem,
1222 2725 1283 2790 sed

119 2824 233 2909 dulcis,
255 2836 287 2890 et
310 2827 351 2890 de
370 2827 427 2889 illa
447 2826 618 2910 amphoras
639 2837 770 2893 uestras
797 2829 994 2911 replevimus
1016 2839 1047 2892 et
1068 2840 1203 2895 ventres
1222 2849 1284 2894 no·

119 2941 222 3012 stros,
251 2932 330 2996 nihil
362 2941 512 2994 curantes
543 2931 585 2994 de
607 2933 785 2998 turbatione
806 2933 887 3016 ejus.
931 2933 990 2997 Sic
1020 2934 1153 3019 quilibet
1173 2938 1284 3000 sciens

0 3077 4 3130 s
120 3053 267 3117 campum
289 3035 377 3098 illum
402 3035 478 3100 iodit
507 3037 570 3100 sibi
601 3039 760 3119 propriam
795 3039 940 3122 foveam,
973 3041 1050 3123 quia
1080 3058 1165 3123 aqua
1193 3039 1285 3104 fundi

119 3139 224 3204 dulcis
242 3147 304 3220 est,
325 3140 384 3204 sed
409 3139 484 3205 dum
505 3139 585 3205 solis
607 3141 695 3206 calor
715 3145 749 3206 in
769 3152 884 3226 puteos
904 3143 1065 3228 splendet,
1085 3144 1191 3209 reddit
1211 3165 1283 3209 eom

118 3246 251 3329 salsam,
266 3243 339 3308 ideo
359 3245 392 3308 in
410 3246 517 3329 puteis
531 3245 630 3309 fossis
652 3266 716 3311 non
737 3247 916 3329 reperimus
931 3251 995 3314 nisi
1014 3269 1129 3336 aquam
1150 3251 1282 3315 salsam.

118 3350 158 3416 Si
178 3359 284 3415 autem
314 3351 401 3433 putei
424 3357 538 3415 essent
559 3349 592 3413 iu
614 3347 712 3410 altum
747 3347 871 3416 delossi
893 3362 926 3416 et
946 3357 1049 3419 muris
1072 3356 1188 3420 inclusi
1210 3366 1285 3420 eta
1334 3436 1338 3446 Ι

119 3456 200 3520 solis
222 3455 332 3520 calore
352 3457 509 3538 preteeti,
544 3453 659 3536 eredo,
689 3454 775 3538 quod
796 3457 946 3537 potabilis
968 3469 1002 3522 et
1035 3462 1120 3525 bona
1141 3480 1226 3546 aqua
1247 3462 1279 3524 ib

1 3571 2 3610 t
118 3571 217 3628 esset.
260 3559 348 3622 Satis
384 3560 528 3622 mirabile
556 3569 623 3641 est,
661 3560 747 3623 unde
783 3579 899 3644 aquam
932 3563 1050 3626 hebeat
1083 3567 1200 3628 burnus
1229 3565 1287 3628 illa

1 3677 2 3686 ’
120 3681 269 3730 arenosa.
312 3661 364 3725 De
385 3663 553 3745 Neptuno,
574 3665 673 3726 maris
695 3661 774 3740 deo,
797 3665 963 3747 miramur,
994 3666 1081 3748 quod
1112 3649 1298 3749 postquam

1 3797 2 3820 ³
118 3771 217 3836 liliam
240 3767 345 3830 Danai
365 3765 513 3828 liberavit
531 3769 565 3827 in
588 3763 717 3828 deserto
738 3782 758 3825 a
779 3763 900 3848 Satyro
923 3776 955 3829 et
983 3786 1054 3831 eam
1076 3778 1286 3852 cognoverat,

1 3891 2 3916 t
119 3877 152 3939 in
175 3875 246 3938 loco
268 3871 487 3955 oppressionis
508 3869 646 3952 virginis
668 3867 807 3932 tridente
834 3871 997 3953 percussit
1018 3880 1135 3936 terram
1158 3883 1191 3937 et
1212 3873 1287 3939 fons

1 4027 2 4032 η
121 3981 242 4062 empit3
264 3980 319 4042 hic
336 3996 415 4040 vero
437 3994 499 4040 nee
521 3967 660 4038 tridente
680 3975 749 4058 usi,
772 3993 834 4038 nec
855 3975 974 4059 ligone,
995 3979 1143 4042 manibus
1166 3977 1286 4044 lentem

1 4103 2 4134 ι
122 4083 267 4146 lecimus.
311 4083 375 4145 llic
399 4081 619 4144 amarissimas
640 4099 743 4164 aquas
764 4081 946 4144 invenimus
968 4082 999 4144 in
1023 4083 1176 4168 lontibus,
1194 4087 1287 4150 sirni-

1 4211 2 4244 t
122 4184 170 4246 les
190 4188 283 4269 aquis
307 4185 405 4248 fontis
427 4186 504 4249 dicti
527 4187 723 4268 dirrumpens,
746 4187 801 4270 qui
823 4196 873 4248 est
895 4185 980 4268 apud
999 4185 1212 4270 Caliopados3
1234 4191 1287 4256 lric

1 4313 2 4348 r
121 4286 202 4350 adeo
223 4289 336 4350 emittit
360 4307 486 4352 amaras
510 4309 629 4374 aquas,
652 4301 685 4355 ut
706 4293 856 4374 lluvinm,
885 4293 918 4352 in
942 4309 1036 4372 quem
1059 4290 1192 4374 labitur,
1215 4313 1287 4356 em-

122 4409 195 4454 nem
217 4407 359 4455 amamrn
382 4391 503 4455 reddat.
548 4395 710 4460 licentra
733 4397 805 4459 lons
827 4403 896 4476 est,
927 4393 1033 4457 dictus
1056 4396 1145 4477 Alis,
1176 4396 1287 4479 quiin

1018 4493 1080 4551 33*
