3240 5222
156 431 315 514 omnium,
337 433 402 494 ino
424 435 455 496 ei
477 451 540 496 non
563 445 640 494 esse
667 429 888 494 obediendum.
931 431 995 495 Pro
1016 430 1191 495 levissimis
1216 431 1326 495 oensis

157 535 359 600 matrimonia
378 533 528 616 solvunt,
556 535 725 598 simoniam
747 555 813 597 non
835 543 957 598 curant.
1001 533 1129 618 Corpus
1151 535 1326 598 christiin

156 653 261 704 mena
288 640 420 704 Domini
442 637 624 701 coniectum
645 659 703 723 per
724 657 841 702 annum
865 648 1049 722 reservant,
1071 639 1200 721 mojoris
1220 640 1326 700 aesti-

157 753 285 809 mantes
307 763 383 808 esse
403 745 581 810 efficaciae.
616 745 907 810 nammmunioant
927 744 1065 826 Pupam,
1086 751 1216 808 nostros
1243 761 1327 825 pon-

158 849 266 913 tifices
291 856 326 912 et
351 868 481 913 ornnem
501 865 667 912 romanum
687 846 807 909 clerum
829 865 938 931 saepe.
981 849 1198 932 Rebaptinant
1215 848 1325 930 bspti-

157 963 252 1018 natos
272 972 331 1037 per
352 971 423 1018 uos.
467 953 725 1017 Fornicationem
748 951 927 1034 simplicem
950 971 1016 1019 non
1049 971 1124 1015 esse
1154 960 1325 1036 peccatum

158 1058 278 1122 dicunt.
331 1057 383 1121 lle
416 1065 619 1122 sacramento
651 1065 816 1120 extremae
845 1057 1008 1121 unctionis
1041 1057 1166 1123 modice
1197 1067 1323 1122 curant.

158 1163 282 1227 liarbas
303 1160 415 1226 abradi
436 1169 604 1244 peceatum
622 1179 700 1225 esse
721 1161 839 1224 dieunt.
866 1159 1060 1226 Saeculares
1076 1162 1223 1226 dominos
1243 1180 1326 1245 snp-

158 1276 283 1351 ponnnt
303 1269 475 1350 episcopis.
518 1264 646 1330 larvidia
667 1267 807 1327 maxime
834 1275 946 1328 contra
968 1267 1140 1330 ecclesiam
1161 1283 1326 1332 romanum

159 1371 394 1454 exardescunt,
425 1389 525 1455 qnare
550 1370 649 1432 etiam
669 1371 785 1434 Tuscis
807 1378 906 1433 totsru
934 1370 1028 1454 qussi
1059 1368 1231 1433 Graeciam
1256 1378 1326 1432 tra·
1394 1395 1397 1400 ·

161 1475 311 1540 diderunt
325 1493 364 1540 se
382 1484 416 1540 et
432 1476 631 1558 provinciam
649 1472 823 1558 perdentes
839 1483 971 1559 propter
991 1475 1164 1554 ecclesiam
1181 1472 1325 1545 latinam.

652 1641 708 1702 lll.
736 1639 824 1724 Syri.

128 1795 131 1800 '
245 1789 330 1854 Sunt
365 1791 399 1853 in
433 1790 617 1854 Jerusalem
659 1789 791 1854 Snriani
826 1791 880 1853 vel
917 1790 1009 1874 Syri,
1050 1811 1114 1855 non
1147 1791 1324 1856 Christiani

158 1894 219 1958 sed
240 1915 276 1958 re
296 1895 354 1958 fllit
379 1893 562 1974 mendaces,
582 1896 814 1979 inconstantes,
835 1896 954 1958 inrtnm
976 1917 1033 1978 pro
1054 1898 1152 1960 nihilo
1172 1907 1326 1981 reputan-

159 2011 220 2084 tes,
231 2001 358 2062 Latinis
377 1999 522 2062 insidiosi
534 1997 755 2082 sicutGraeoi,
767 2018 900 2081 quorum
919 1999 1100 2063 subdantur
1116 2001 1282 2064 directioni
1293 2011 1327 2064 at

158 2124 218 2188 per
238 2107 346 2169 omnia
366 2123 475 2169 eorum
493 2103 752 2187 umoribusxsunt
766 2104 891 2174 iniecti.
909 2104 1085 2169 Judaizaut
1102 2107 1199 2168 etiam
1221 2123 1326 2188 quen-

159 2220 228 2274 tnra
259 2208 301 2272 ad
332 2196 540 2291 sabbathirm,
571 2210 657 2292 qnod
692 2208 867 2291 lestivant,
898 2209 932 2270 in
971 2209 1133 2273 communi
1161 2209 1325 2273 locutione

158 2323 293 2378 utuntur
326 2315 438 2396 lingna
468 2315 690 2394 sarracenica,
718 2313 776 2376 sert
799 2316 833 2374 in
855 2312 974 2376 divinis
996 2315 1133 2396 syriaca.
1177 2313 1324 2377 Moribus

159 2421 343 2483 oontmmes
363 2426 439 2481 sunt
459 2416 652 2480 Sarracenis
674 2426 707 2480 et
732 2417 850 2481 barbas
884 2418 1000 2500 longus
1031 2418 1175 2481 nutriunt
1206 2426 1239 2481 et
1260 2439 1325 2482 non

160 2524 311 2586 barbatos
333 2522 567 2604 dehonestant,
599 2521 794 2587 effoeminati
825 2529 904 2587 sunt
930 2531 961 2585 et
983 2525 1113 2605 penitus
1135 2522 1176 2587 ad
1197 2521 1324 2586 bellan·

159 2610 238 2692 dnm
256 2627 366 2710 inepti.

615 2791 674 2854 tv.
695 2792 874 2856 Jaoobitae.

239 2943 324 3006 Sunt
354 2943 387 3005 in
419 2940 602 3005 Jerusalem
635 2939 829 3022 Christiani,
860 2940 1047 3019 Jacobitae,
1074 2939 1128 3023 qui
1161 2935 1325 3001 dudnma

163 3047 344 3133 patriarcha
378 3041 724 3127 constantinopolitano
767 3029 940 3108 Dioscuro‘
960 3045 1000 3108 ab
1039 3044 1180 3108 ecclesia
1207 3057 1326 3124 graeca

159 3162 234 3218 snut
263 3152 396 3215 exclusi.
439 3149 484 3212 lli
517 3147 671 3232 parvulos
703 3166 781 3213 snos
803 3169 891 3213 more
913 3150 1163 3213 Sarracenorum
1185 3147 1325 3209 circurn-

159 3259 286 3340 cidunt‚
327 3275 389 3319 nec
420 3253 612 3317 confitentur
639 3253 703 3316 nisi
738 3254 876 3317 latentes
905 3255 1040 3339 quilibet
1070 3253 1134 3316 sibi
1171 3250 1250 3333 ipsi,
1293 3258 1326 3310 et

157 3382 222 3426 nou
244 3363 307 3425 uisi
326 3377 422 3424 unam
444 3367 589 3422 nstnrsm
607 3359 641 3419 ln
652 3355 783 3422 Christo
799 3361 1007 3442 confitentum
1024 3359 1058 3420 ln
1075 3377 1184 3421 eorum
1200 3353 1326 3418 Officiis

159 3468 271 3550 lingue
292 3463 448 3548 Syrorum
470 3470 610 3526 artnntur.

626 3626 669 3690 V.
694 3627 859 3692 Abessini.
898 3619 901 3626 ’

241 3779 326 3844 Sunt
375 3779 406 3842 in
449 3778 581 3842 civitate
627 3783 743 3839 sancte
783 3776 910 3838 Abisini
954 3778 1026 3839 sive
1075 3772 1218 3853 lndieni,
1267 3769 1324 3852 qni

158 3885 276 3950 habent
299 3901 408 3966 regem
441 3881 665 3964 christianum,
698 3899 794 3964 quern
826 3881 923 3943 etiam
956 3879 1127 3941 Sarraceni
1155 3878 1271 3940 timent
1292 3876 1326 3936 in

158 3997 297 4071 tantum,
315 3998 361 4072 ut,
382 3989 437 4070 qni
458 3987 599 4069 poleium
623 3984 694 4067 ejus
712 3985 818 4066 hebet,
838 3986 910 4047 sino
926 3983 1151 4065 impedimento
1172 3980 1328 4043 orientem

158 4102 364 4177 pervagatur.
407 4091 451 4153 Hi
472 4090 626 4172 parvulos
648 4091 743 4152 etiam
774 4089 1023 4170 circumcidunt,
1056 4084 1207 4149 candenti
1241 4081 1326 4145 lerro

159 4198 284 4260 vultum
317 4195 456 4261 adurunt
483 4204 515 4257 et
535 4197 569 4258 in
601 4197 730 4257 nomine
752 4191 875 4256 Christi
897 4192 1078 4275 baptizant,
1112 4190 1146 4251 in
1167 4188 1325 4250 lermonto

157 4310 349 4368 consecrant
378 4306 412 4364 et
432 4317 511 4362 snos
543 4298 686 4361 infantes
707 4299 767 4359 sub
789 4304 926 4379 utraque
948 4295 1182 4358 communicant
1203 4287 1322 4370 speeie.
